2571 3961
92 186 210 242 sess.
229 193 339 241 24.c.
351 191 417 232 12.

61 248 111 306 (e
140 246 235 309 Pefi

89 879 199 936 Sess.
225 887 300 925 22·
334 880 421 926 τιὸ.

60 944 111 993 de
130 942 224 1003 Ref-

529 130 561 170 a
606 173 1244 223 OMANA-SACRORUM
1265 171 1630 223 ORDINUM=
1670 174 1879 233 Definita
1899 178 1986 224 fuit
2020 179 2076 225 ab
2108 177 2487 227 Eminentiffimis

617 237 822 284 Patribus
841 240 933 285 haee
949 238 1100 285 Causa
1118 253 1161 284 in
1183 238 1337 286 eadem
1356 237 1730 298 Congregatione
1750 240 1907 287 habita
1929 239 2005 287 die
2031 254 2105 288 12.·
2119 240 2276 289 men-sis
2322 238 2436 301 Julii
2469 276 2486 295 ,

527 305 570 350 δι
592 301 748 355 Dubio
761 302 860 355 eius
878 336 892 353 ,
922 300 1042 364 quod
1061 311 1157 346 erat
1177 323 1201 332 —
1223 303 1298 347 Aa
1321 304 1529 347 canonici
1543 301 1739 358 Ecclefiae
1759 303 2017 364 eollegiatae
2038 311 2080 352 S.
2101 304 2273 366 Ange'lt
2302 307 2349 359 in
2393 312 2491 353 Fo—

528 381 579 412 ro
601 360 799 420 ‘Piscium
816 374 1058 421 teneantur
1066 363 1293 423 sizscipere
1315 364 1524 421 Ordinem
1541 364 1843 417 Diaconatus,
1863 371 1922 413 &¹
1950 365 2315 426 Presbyter-atus
2338 371 2491 417 etiam*

531 434 695 488 ‘vigore
709 425 983 479 statutorum
1002 458 1016 475 ,
1035 430 1093 472 (θ’
1121 424 1504 484 Reformationum
1523 425 1714 486 ejusdem
1732 424 1926 482 Ecclesiae
1945 429 1991 473 in
2011 429 2111 486 casu
2126 434 2277 484 ’93θέφέ
2292 429 2491 490 respon?

527 487 728 539 sumsuit
749 512 761 515 ··
794 493 1038 548 ‘Negative
1058 521 1069 531 .
1105 484 1228 531 Cum
1250 500 1361 537 vero
1377 485 1431 531 ad
1451 501 1621 535 novum
1659 486 1889 544 judicium
1924 487 2019 537 haec
2050 486 2484 545 definitio‘re'voc‘ess
2525 490 2558 495 ”

525 563 597 598 tur
614 543 996 611 sse-spondendum
1014 563 1137 596 nunc
1151 548 1237 595 erit
1261 550 1316 594 ab
1335 547 1703 604 Eminentiflimis
1723 550 1930 612 Patribus
1949 589 1961 602 .

465 615 541 664 An
551 613 613 672 sit
624 613 822 668 [landum
843 648 856 665 ,
875 612 956 660 vel
977 614 1268 665 recedendum
1286 630 1312 658 a
1334 611 1486 669 decifis
1506 617 1551 663 in
1566 616 1668 679 casu
1684 620 1783 672 &a
2009 619 2012 622 ⁴

590 738 643 785 In
661 737 818 787 decifis
837 774 850 792 ‚
883 740 927 786 8<
947 737 1139 802 amplius
1159 771 1173 793 ‚

598 863 900 912 IVITATlS
931 866 1388 914 CASTELLANAE
1408 868 1824 917 ADMiSSIONIS
1853 869 1952 920 AD
1970 869 2299 920 LEGATUM
2319 871 2474 920 sTU·

610 926 884 976 DIORUM
905 960 918 974 .
961 927 1066 973 Non
1102 931 1214 974 latet
1241 929 1614 979 Eminentiffimos
1648 932 1805 980 Patres
1850 933 2215 984 Testamentaria
2245 934 2473 1001 dispositio

527 988 786 1050 Theophili
806 989 1003 1050 Gargani
1024 989 1246 1037 Gallesini
1281 990 1415 1039 Civis
1431 1025 1445 1042 ‚
1475 1009 1501 1039 e
1524 1010 1610 1054 qua
1631 1007 1863 1056 tamquam
1891 1012 1948 1044 ex
1966 1012 2086 1060 equo
2103 997 2319 1055 Trojano
2344 996 2475 1046 mili*

530 1064 598 1100 tes
619 1089 630 1106 ,
664 1064 729 1097 tot
750 1054 794 1098 in
817 1054 990 1099 Forum
1015 1067 1262 1113 eruperunt
1291 1057 1607 1104 controversiae
1624 1090 1638 1108 ‚
1670 1073 1770 1103 cum
1787 1062 1840 1105 de
1860 1075 1911 1105 ea
1932 1057 2162 1116 ¹iudicium
2201 1061 2393 1109 tulerint
2425 1062 2475 1108 in

534 1116 624 1162 alia
653 1115 799 1161 Causa
818 1148 831 1161 .
874 1116 1119 1164 Haeredem,
1145 1119 1221 1171 hic
1254 1117 1429 1180 scripsit
1457 1118 1799 1182 Rcinpublicam
1831 1121 1950 1174 suam
1969 1157 1983 1174 ,
2025 1122 2275 1182 Ciyitatem
2306 1139 2474 1187 nempe

529 1176 744 1230 Gallefii=
775 1180 880 1224 dato
899 1191 1048 1225 tamen
1066 1195 1205 1228 onere
1218 1217 1238 1238 ,v
1263 1186 1399 1227 verba
1420 1183 1509 1242 ipsa
1529 1183 1663 1246 longa
1687 1182 1794 1231 licet
1811 1218 1825 1237 ‚
1853 1182 2096 1248 necessario
2110 1177 2262 1237 (amen
2280 1188 2357 1235 hic
2370 1188 2474 1234 sunt

531 1242 790 1303 apponenda
810 1238 857 1295 „'
877 1247 992 1302 quod
1013 1258 1068 1289 ex
1109 1244 1324 1291 fructibus
1341 1280 1353 1296 ,
1395 1247 1643 1293 redditibus
1660 1279 1674 1297 ,
1710 1249 1752 1294 &
1771 1245 2063 1308 proventibus
2097 1248 2292 1306 ejusdem
2328 1251 2479 1298 haere-

529 1338 563 1358 „
597 1304 754 1351 ditatis
783 1322 890 1353 meae
915 1317 1126 1358 teneatur
1142 1342 1155 1360 ‚
1184 1309 1227 1354 3<
1247 1307 1452 1370 obligata
1473 1307 1524 1355 fit
1545 1310 1711 1372 semper
1735 1347 1748 1364 ,
1784 1311 1826 1357 δι
1845 1312 1890 1357 in
1906 1323 2169 1372 perpetuum
2186 1324 2480 1373 manutenere

532 1401 564 1420 ,,
599 1369 674 1415 hic
694 1370 739 1413 in
769 1368 901 1416 Urbe
919 1383 1115 1430 quatuor
1137 1370 1528 1420 Adolescentulos
1554 1372 1639 1419 EX
1663 1373 1778 1420 ‚DiC
1796 1373 1880 1422 [Α
1905 1373 2048 1421 MEA.
2063 1370 2318 1422 PATRIA
2340 1373 2528 1437 ORI-s'⁸

535 1467 567 1485 ,‚
603 1430 696 1477 UN
711 1432 834 1478 DOS
853 1469 865 1485 ,
895 1434 1022 1479 bonae
1039 1467 1051 1485 ,
1088 1435 1127 1479 ὅ(
1147 1436 1337 1495 egregix
1356 1435 1524 1482 indolis
1546 1470 1558 1487 ,
1598 1437 1636 1480 &
1659 1436 1896 1484 literarum
1916 1436 2055 1484 studio
2074 1452 2258 1497 operam
2273 1440 2377 1485 dare
2395 1447 2526 1493 vio-,2

533 1527 567 1546 ,‚
602 1494 750 1538 lentes
771 1530 782 1546 ‚
817 1497 858 1542 ὅ(
878 1510 966 1555 quo
989 1501 1129 1558 magis
1164 1497 1263 1544 fieri
1287 1499 1417 1558 poiiit
1439 1496 1456 1549 ,¹
1480 1501 1742 1560 pulcrorum
1779 1499 2088 1562 ingeniorum,
2122 1501 2163 1547 &
2186 1511 2400 1563 aptorum·
2420 1499 2481 1547 ad

534 1591 571 1611 ,‚
604 1556 746 1602 studia
765 1593 777 1609 ,
818 1575 868 1606 ac
889 1558 1062 1605 habiles
1085 1572 1234 1607 tamen
1255 1596 1266 1612 ,
1302 1562 1344 1608 &
1366 1561 1553 1610 idoneos
1573 1597 1587 1615 ,
1631 1575 1679 1609 ut
1697 1564 1841 1623 recipi
1860 1598 1872 1615 ‚
1906 1565 1946 1610 &
1971 1564 2153 1610 admitti
2171 1564 2362 1625 poffint',
2399 1560 2484 1610 sal·

535 1654 567 1673 „
600 1631 690 1664 tem
728 1619 986 1668 infecunda
1014 1621 1165 1669 Classe
1200 1622 1520 1672 Graminati'cae
1556 1628 1600 1672 in
1629 1625 1844 1689 Collegio
1878 1625 2089 1673 Romano
2110 1659 2123 1678 ‚
2159 1628 2199 1673 δι
2221 1641 2310 1673 non
2335 1625 2482 1679 alias,

533 1716 567 1738 ‚‚
600 1698 682 1728 nec
703 1685 797 1730 alio
820 1686 954 1731 modo
974 1720 987 1736 ,
1018 1701 1041 1730 a
1060 1684 1266 1734 Consilio
1290 1686 1526 1734 ordinario
1546 1687 1736 1744 ejusdem
1756 1705 1864 1736 meae
1882 1688 2048 1736 Patriae
2067 1689 2369 1736 nominandos
2389 1725 2403 1742 ,
2435 1689 2478 1735 &

536 1780 567 1798 „
601 1744 629 1790 fi
650 1745 801 1800 secus,
835 1746 1313 1795 nominati'oinvalide
1337 1751 1447 1795 saCta
1466 1751 1726 1799 censeatur:
1768 1751 1890 1799 Inter
1917 1767 2028 1814 quos
2063 1752 2232 1814 semper
2265 1751 2481 1811 primario

535 1843 566 1862 ,,
602 1808 799 1868 praeferri
823 1811 1018 1856 debeant
1041 1811 1127 1856 mei
1147 1812 1486 1874 Consanguinei
1506 1849 1519 1866 ,
1539 1814 1832 1866 secundario,
1850 1814 1922 1861 illi
1946 1814 2285 1875 Adolescentuli
2305 1849 2318 1866 ,
2346 1812 2478 1879 QJI

536 1906 571 1926 „
613 1870 698 1917 EX
736 1873 958 1919 PAREN
977 1871 1154 1920 rissos
1190 1877 1236 1921 A
1269 1875 1483 1922 DlCTA
1516 1878 1661 1924 MEA-
1683 1877 1938 1925 PAIRiA
1966 1875 2120 1922 SiNT
2149 1876 2506 1940 ORlUNDL„

534 1967 565 1987 „
599 1935 643 1980 ὃ(
664 1950 740 1995 pro
758 1935 1008 1990 hujusmodi
1043 1948 1383 1984 manutentione
1405 1938 1653 2000 supradicta
1673 1956 1766 1985 mea
1791 1941 1931 1988 heres
1958 1956 2010 1986 ex
2034 1939 2203 1986 eisdem
2228 1939 2520 1995 frufflbugs

531 2032 564 2052 „
600 1999 864 2048 redditibus,
881 2001 921 2045 &
941 2001 1245 2054 proventibus
1270 2001 1441 2048 solvere
1461 2041 1469 2054 .,
1490 2005 1533 2050 8<
1551 2004 1789 2050 exbursare
1809 2014 2020 2051 teneatur
2038 2002 2180 2049 alicui
2196 2018 2251 2049 ex
2270 2003 2478 2058 Semina-

532 2095 566 2114 „
607 2061 689 2108 riis
706 2094 720 2112 ‚
755 2062 829 2107 vel
858 2061 1092 2123 Collegii's
1109 2098 1121 2115 ,
1154 2076 1232 2111 aut
1251 2064 1487 2112 Dozzenis
1508 2067 1655 2114 Almae
1681 2068 1815 2114 Urbis
1835 2101 1848 2119 ‚
1881 2084 1977 2129 qux
1996 2066 2197 2122 juvenes
2218 2065 2478 2117 Literarum
2546 2082 2558 2101 κ

533 2156 566 2175 ‚,
603 2123 753 2170 studiis
784 2141 965 2185 operam
989 2128 1095 2172 dare
1128 2129 1336 2174 volentes
1364 2141 1583 2181 retinere,
1612 2132 1656 2176 &
1691 2137 1877 2177 educare
1900 2131 2080 2180 solent,
2111 2127 2321 2190 semper,
2351 2129 2394 2175 ὅ(
2431 2129 2480 2176 in
2558 2152 2561 2153 ⁷

533 2219 566 2238 „
599 2201 868 2247 perpetuum
889 2204 1040 2236 annua
1064 2189 1160 2235 scut
1198 2192 1256 2237 80
1291 2204 1478 2238 monetae
1502 2207 1579 2250 pro
1609 2193 1818 2252 quolibet
1845 2193 2201 2239 Adolescentulo
2236 2191 2398 2245 modo,
2433 2193 2477 2239 fit
2508 2215 2518 2228 .‚

533 2281 567 2301 „
604 2249 744 2295 forma
765 2267 867 2297 cuiri
894 2251 1023 2298 dietis
1042 2251 1304 2299 Seminariis
1322 2287 1336 2305 ,
1369 2254 1595 2316 Collegiis
1617 2290 1631 2309 ,
1667 2268 1744 2301 aut
1775 2254 2009 2307 Dozzenis
2036 2254 2363 2301 conveniendis
2381 2289 2394 2306 ,
2428 2266 2481 2301 ut

535 2344 569 2364 2,
602 2313 758 2359 inillis
783 2318 986 2376 recipere
1006 2351 1018 2367 ,
1051 2315 1239 2362 educare
1261 2351 1275 2369 ,
1312 2317 1353 2362 δι
1393 2319 1596 2364 retinere
1617 2318 1842 2369 debeant,
1878 2324 2023 2365 donec
2039 2318 2214 2364 curium
2236 2317 2497 2364 studiorum<-

534 2409 566 2428 „
602 2377 934 2436 compleverint
957 2412 970 2429 ,
1004 2377 1250 2425 dummodo
1278 2390 1428 2431 tamen
1450 2395 1572 2427 Vires
1591 2396 1700 2428 meae
1726 2381 2010 2428 haereditatis>
2028 2379 2086 2427 ad
2110 2379 2285 2426 dietum
2316 2394 2479 2425 nume-

534 2470 568 2490 „
601 2454 702 2485 rum
723 2454 913 2500 quatuor
932 2441 1395 2490 Adolescentulorum
1420 2447 1802 2492 manutenendum
1839 2443 2063 2491 sufficiant
2080 2475 2095 2494 ,
2128 2440 2190 2488 {in
2207 2443 2353 2489 minus
2384 2443 2476 2490 hae-

533 2533 565 2553 2,
606 2516 676 2547 res
699 2516 795 2549 mea
821 2501 1182 2562 praefatamodo‚
1222 2506 1263 2552 δι
1290 2506 1434 2554 forma
1455 2508 1660 2570 superius
1696 2506 1904 2571 expressis
1939 2516 2235 2554 manutenere
2265 2518 2479 2555 teneatur

536 2598 566 2616 ,‚
602 2578 674 2611 tot
695 2566 1012 2612 Adolescentes
1032 2567 1154 2622 juxta
1177 2567 1297 2615 vires
1322 2586 1429 2618 mete
1451 2571 1731 2619 haereditatis
1751 2608 1761 2619 .

473 2624 630 2689 Pergit
665 2626 886 2676 Testator
914 2664 944 2683 ,‚
988 2630 1042 2676 Et
1073 2631 1310 2693 postquam
1327 2633 1434 2679 dicti
1471 2636 1820 2682 Adolescentuli
1852 2634 2031 2682 cursum
2059 2634 2313 2701 studiorum
2336 2631 2410 2677 hic
2429 2631 2477 2678 in
2507 2666 2510 2669 Α

534 2724 568 2748 ,,
603 2690 729 2737 Urbe
744 2690 911 2738 summa
929 2709 1032 2741 cnm
1049 2694 1179 2742 laude
1196 2695 1463 2754 perfecerint
1480 2732 1493 2750 ,
1524 2701 1575 2744 ad
1598 2699 1681 2744 hoc
1701 2733 1712 2752 ,
1738 2711 1789 2745 ut
1812 2699 1876 2745 ibi
1897 2699 2143 2756 majoribus
2161 2696 2367 2763 Studiis,
2395 2706 2475 2744 aut

533 2789 567 2807 „
603 2753 810 2815 Legum,
851 2769 927 2802 aut
963 2755 1245 2812 Medicinae,
1294 2759 1367 2806 vel
1403 2761 1541 2806 etiam
1579 2761 1817 2808 Sacrarum
1854 2761 2143 2815 Literarum,
2173 2771 2253 2806 aut
2283 2758 2477 2824 aliarum

535 2852 566 2870 ‚,
601 2817 901 2864 Scientiarum
921 2835 1111 2881 operam
1128 2822 1235 2868 dare
1252 2856 1265 2875 ‚
1293 2821 1558 2885 ibidemque
1576 2824 1668 2870 sese
1683 2826 1962 2871 commodius
1981 2836 2271 2877 manutenere
2285 2820 2444 2882 possint
2461 2857 2476 2875 ,

534 2913 567 2932 2,
601 2880 642 2925 &
663 2884 877 2934 valeant,
914 2882 972 2926 ab
989 2885 1141 2928 cadem
1174 2900 1269 2929 mea
1289 2885 1458 2931 hcerede
1481 2900 1556 2945 pei·
1585 2887 1707 2941 aliud
1727 2886 2002 2933 Triennium
2019 2885 2267 2944 proximum
2301 2896 2477 2931 tantum

535 2976 565 2994 ‚,
602 2956 978 2991 manuteneantur
995 2981 1006 2997 ,
1039 2948 1080 2991 ὃ(
1098 2945 1261 2993 eisdem
1280 2984 1293 3001 ‚
1328 2949 1368 2993 δι
1388 2948 1582 2995 cuilibet
1611 2949 1807 3011 ipsorum
1829 2949 1943 2994 diCta
1960 2963 2109 2994 annua
2130 2952 2205 2993 80.
2221 2945 2480 3015 persolvan-

534 3036 567 3056 ,‚
601 3016 673 3049 tui·
697 3025 708 3048 =
737 3007 790 3052 Et
807 3020 1028 3069 quatenus
1047 3022 1289 3067 proventus
1307 3046 1320 3063 ,
1356 3012 1394 3057 &
1417 3011 1615 3058 redditus
1633 3026 1738 3058 meae
1773 3011 2043 3058 haereditatis
2059 3044 2072 3062 ‚
2106 3013 2299 3068 demptis
2327 3020 2478 3056 tamen

536 3099 568 3119 2,
602 3066 726 3127 prius
743 3101 760 3126 ³
791 3072 831 3114 ὃ(
854 3071 1114 3129 adimpletis
1135 3074 1366 3134 praemissis
1384 3074 1600 3121 omnibus
1617 3107 1630 3125 ,
1662 3075 1704 3120 &
1725 3071 1906 3135 lingulis
1925 3109 1938 3125 ,
1974 3075 2208 3119 annuatim
2228 3070 2443 3133 supersint
2464 3107 2478 3126 .

536 3162 569 3185 2,
606 3129 680 3173 vel
700 3129 748 3174 in
780 3129 980 3177 futurum
998 3136 1344 3194 quomodolibet
1371 3135 1586 3194 supereffe
1614 3136 1857 3196 contigerit
1875 3167 1887 3184 ,
1927 3134 1968 3180 id
1989 3151 2121 3183 omne
2144 3151 2223 3198 pro
2242 3147 2478 3180 manuten-

535 3226 569 3244 „
603 3190 726 3237 tione
743 3228 759 3246 ,
792 3195 833 3238 ὧι
852 3209 1129 3253 augumento
1164 3197 1356 3244 aliorum
1378 3198 1831 3244 Adolescentulorum
1860 3197 1993 3245 modo
2009 3231 2024 3249 ,
2064 3200 2105 3246 ὃ(
2126 3199 2267 3246 forma
2283 3231 2298 3250 ‚
2332 3204 2381 3241 ut
2402 3197 2477 3244 su-

536 3287 567 3305 „
602 3269 682 3314 pra
698 3256 751 3300 de
769 3256 869 3302 aliis
891 3257 1054 3301 dictum
1076 3256 1161 3303 fuit
1180 3292 1193 3309 ,
1229 3259 1546 3320 erogarivolo
1567 3295 1581 3313 ‚
1625 3259 1872 3306 dummodo
1896 3261 1942 3307 in
1956 3275 2108 3311 totum
2130 3262 2305 3308 sextum
2321 3259 2500 3307 nume-²
2552 3286 2568 3309 .>

539 3350 572 3368 ‚‚
608 3332 705 3363 rum
728 3333 816 3364 nun
832 3320 1058 3364 excedant
1077 3354 1109 3372 „
1135 3356 1145 3365 .
1184 3322 1487 3368 Amaniiflimi
1503 3321 1636 3367 Civis
1656 3322 1940 3369 voluntatem
1959 3323 2169 3386 implevit
2187 3323 2373 3370 Civitas
2385 3323 2481 3371 hae-
2540 3345 2566 3352 r·

536 3394 610 3425 res
631 3381 799 3442 scripta
817 3416 830 3434 ‚
871 3383 915 3428 &
939 3394 1130 3443 quatuor
1165 3384 1377 3442 primum·
1402 3383 1724 3431 Adolescentes
1744 3386 1884 3446 elegit
1910 3421 1923 3438 ‚
1962 3388 2216 3433 inde-anais
2239 3385 2479 3432 haeredita-

536 3441 618 3487 riis
644 3444 912 3491 redditibus
931 3480 943 3497 ,
981 3444 1180 3490 additus¹
1200 3444 1287 3491 fuit
1321 3461 1439 3491 anno
1458 3459 1588 3508 1727.
1606 3447 1790 3508 quintus
1822 3447 2106 3495 Adolescens
2123 3483 2138 3500 ,
2167 3465 2288 3495 anno
2305 3450 2481 3494 demum

537 3517 590 3554 17
603 3519 670 3561 50.
692 3506 901 3565 impletus
921 3506 1004 3554 fuit
1023 3521 1232 3553 numerus
1250 3508 1398 3554 addito
1421 3508 1881 3557 sextoAdolescente.
1897 3509 2173 3558 Elefflonem
2190 3509 2378 3559 conficit
2396 3510 2479 3556 Ci-

543 3565 660 3611 vitas
678 3599 690 3616 ‚
709 3568 887 3624 praeviis
904 3572 1072 3616 duobus
1091 3570 1255 3617 edictis
1278 3572 1430 3618 altero
1453 3607 1465 3625 ,
1496 3588 1583 3630 quo
1604 3572 1770 3620 indicit
1788 3606 1802 3625 ,
1831 3586 1881 3619 ut
1900 3575 1976 3633 qui
1996 3576 2047 3619 ad
2068 3575 2220 3620 locum
2241 3586 2492 3622 vacantemv
2548 3614 2556 3624 ,

541 3640 807 3686 concurrere
850 3632 998 3680 velint
1017 3667 1030 3686 ,
1066 3647 1230 3680 nomen
1265 3632 1391 3681 suum
1417 3634 1714 3696 profiteantur
1738 3671 1751 3689 ,
1786 3637 1830 3683 8<
1850 3650 2003 3697 preces
2042 3636 2237 3685 offerant
2259 3670 2273 3691 ‚
2305 3638 2449 3683 altero
2473 3663 2489 3686 a

2331 3713 2426 3767 quo
