2571 3961
1810 193 1838 229 ὑ

113 243 219 313 ipfis
237 241 472 293 debeatur
491 233 853 302 praecedehtiat
887 232 1319 293 Consuetudinem
1345 239 1361 298 ζ
1396 254 1502 305 quae
1523 251 1691 294 tamen
1729 245 1779 295 in
1806 199 1881 300 hi}

103 326 365 374 utramque
384 309 614 374 paginam
638 305 757 360 facit
782 343 796 366 ‚
831 324 933 359 non
957 309 1049 360 esse
1073 307 1388 374 spec‘tandam
1412 346 1429 371 ‚
1459 310 1593 376 quod
1614 311 1810 379 abusus,
1830 319 1881 368 ὅς

100 381 385 444 corruptela
403 377 614 430 dicenda
632 377 686 427 fit
708 414 723 429 .
759 378 896 430 Aliis
912 379 1066 431 etiam
1088 378 1391 441 respondent
1416 412 1430 434 ‚
1453 396 1554 444 quae
1587 378 1879 444 ignoramus

98 469 158 504 an
189 467 216 503 a
244 450 476 501 Parochis
497 458 842 512 proponantur
867 483 882 507 ,
918 465 1037 500 cum
1063 448 1290 501 nondum
1328 451 1389 499 ab
1416 446 1527 515 ipfis
1570 448 1713 502 datus
1734 456 1879 506 nobis

99 521 253 575 fuerit
271 516 491 572 Libellus
512 554 527 567 .
563 515 791 568 Dubium
812 521 882 569 est
901 551 918 567 .

32 595 117 645 An
156 594 300 641 liceat
314 584 542 638 Parochis
565 583 783 649 Glageoli
799 621 816 645 ‚
857 589 919 642 (ὂψ
955 589 1149 638 Linarii
1182 589 1369 653 explere
1390 588 1718 653 Proceffionem
1742 593 1875 645 San-

101 661 270 724 flzffimi
293 656 511 722 Corporis
534 654 711 720 Christi
746 657 822 707 die
839 657 1041 722 ejusdem
1057 652 1386 709 solemnitatis
1419 658 1683 723 privative}
1722 665 1878 727 quoad

100 728 583 792 Archipresbyterum
612 726 843 787 Rivaschi
868 758 883 780 ,
939 727 1002 779 ὠ
1037 725 1302 775 plebanum
1344 728 1512 776 santii
1531 730 1729 780 Romani
1752 765 1765 788 ,
1783 733 1878 796 seu

93 802 253 866 potius
275 799 364 846 haec
383 799 456 844 die
475 796 596 843 ditia
610 792 870 857 privative?
895 793 1080 859 speflet
1109 797 1172 845 ad
1189 798 1332 846 ditias
1354 796 1834 866 Archipresbyterum
1850 833 1871 862 ‚

98 871 160 924 &e
185 867 447 919 Flebanum
468 898 483 924 ‚
500 876 586 913 aut
586 863 764 928 saltem
786 864 1087 916 cumulative
1112 867 1160 916 in
1180 867 1292 931 casu
1313 866 1423 923 &aa

167 1072 342 1127 Dilata
360 1071 422 1124 ad
440 1070 657 1139 primam
675 1067 782 1134 post
810 1087 962 1139 aquas
975 1106 991 1125 ο

147 1419 509 1476 ECINETEN.
558 1420 848 1475 suavi‘rit
898 1422 1115 1477 cHoRt
1152 1440 1164 1477 ε
1215 1426 1412 1480 Rebeni
1449 1425 1694 1477 Recineto
1727 1417 1874 1478 ioan‘-
1913 1398 2107 1494 {gsggffi
2124 1412 2187 1444 ¹²·

179 1509 265 1544 nes
283 1491 423 1545 XX11
447 1490 680 1544 Pontifex
699 1493 956 1545 Maximus
982 1511 1110 1546 anno
1142 1514 1231 1562 132
1247 1520 1265 1550 1
1289 1496 1401 1560 jura
1419 1534 1436 1559 ‚
1459 1509 1742 1558 nomenque
1770 1490 1870 1542 Ci-
2084 1503 2087 1505 ·

97 1563 268 1615 vitatis
288 1595 302 1618 ‚
324 1561 727 1627 Cathedramque
754 1563 1095 1629 Episcopalem
1117 1566 1306 1620 ademit
1329 1600 1344 1622 ‚
1363 1581 1520 1630 eaque
1537 1564 1710 1616 omnia
1732 1574 1871 1612 tran·-

94 1634 225 1682 stulit
243 1632 292 1681 in
312 1631 539 1684 vicinum
562 1631 822 1694 Oppidum
852 1634 1122 1686 Maceratae
1140 1670 1154 1692 ,
1202 1633 1281 1686 led
1302 1635 1417 1686 inde
1433 1635 1606 1699 agnito
1627 1649 1652 1683 a
1675 1631 1869 1692 Populo

91 1701 403 1752 Recinetenfi
426 1718 594 1754 errore
616 1697 703 1752 suo
726 1718 859 1754 anno
886 1720 1012 1769 135⁷
1035 1704 1353 1757 Innocentius
1378 1703 1447 1754 VI
1492 1699 1723 1754 Pontifex
1747 1700 1869 1751 Ma-

90 1770 254 1823 ximus
274 1769 466 1837 Legato
486 1767 642 1821 suom
664 1770 842 1825 Picena
867 1773 1133 1826 Provincia
1165 1773 1420 1827 Cardinali
1446 1771 1621 1823 aeterni
1641 1770 1869 1822 nominis

91 1841 298 1906 AEgidio
325 1842 676 1892 Alberuozzio
697 1843 952 1894 mandavit
979 1882 993 1906 ‚
1028 1855 1080 1894 ut
1103 1844 1360 1909 pristinum
1383 1843 1531 1893 decus
1553 1875 1566 1898 ‚
1591 1845 1870 1892 honorem-

93 1926 187 1975 que
213 1912 447 1962 Reciueto
468 1914 746 1962 restitueret
771 1944 787 1967 ‚
805 1912 870 1964 ita
896 1924 1063 1965 tamen
1085 1948 1098 1970 ‚
1139 1925 1193 1965 ut
1215 1914 1346 1966 idem
1370 1907 1636 1975 Episcopus
1659 1945 1673 1967 ‚
1695 1909 1738 1958 &
1765 1909 1868 1961 Re-

91 1980 322 2031 cinetenfi
346 2015 360 2037 ‚
389 1982 436 2032 Sc
463 1981 794 2033 Maceratenfi
812 1982 1037 2034 Ecclefiae
1060 1983 1276 2047 praeesset
1302 2020 1316 2035 .
1348 1982 1509 2033 Rebus
1534 1982 1696 2042 itaque
1717 1994 1870 2030 com-

91 2049 258 2114 positis
279 2085 292 2104 ‚
327 2047 604 2101 Cardinaiis
622 2050 848 2118 AEgidius
882 2053 1138 2117 antiquam
1164 2055 1484 2114 primamque
1514 2050 1559 2100 in
1580 2045 1868 2100 Cathedrali

50 2163 54 2164 ff
89 2119 306 2170 Ecclesia
329 2119 632 2172 Recinetenfi
654 2120 791 2172 Divo
814 2121 1051 2173 Flaviano
1073 2161 1089 2185 ‚
1128 2122 1351 2175 Patrono
1368 2121 1522 2172 etiam
1556 2118 1691 2169 illius
1713 2116 1868 2168 Civi-

92 2189 208 2238 tatis
230 2188 454 2241 dedicata
474 2223 491 2246 ‚
514 2191 1048 2258 Archipresbyteratus
1070 2192 1385 2256 Dignitatem
1410 2191 1458 2240 in
1487 2188 1868 2252 Praepofituram

91 2259 380 2317 convertit,
418 2271 492 2311 tot
513 2255 762 2323 assignatis
802 2262 978 2313 annuis
998 2259 1277 2314 redditibus
1298 2297 1313 2320 ‚
1353 2271 1477 2325 quot
1502 2258 1603 2309 duo
1625 2253 1871 2308 Canonici

91 2332 362 2392 quotannis
382 2328 728 2395 perciperent,
762 2328 808 2381 8<
844 2346 983 2383 novae
1002 2333 1116 2382 huic
1136 2369 1151 2393 ,
1191 2330 1467 2395 primaeque
1491 2326 1740 2392 Dignitati
1767 2338 1872 2374 non

89 2398 264 2449 locum
289 2397 546 2450 dumtaxat
572 2398 617 2448 in
644 2399 827 2450 Choro
845 2434 859 2456 ⁴,
880 2398 961 2451 sed
982 2403 1055 2459 jus
1077 2416 1273 2463 quoque
1299 2399 1436 2450 dedit
1454 2397 1683 2448 Chorum
1707 2389 1872 2457 ipsum

90 2467 139 2516 in
176 2467 369 2520 Divinis
392 2466 591 2519 Officiis
628 2467 872 2533 dirigendi
895 2502 907 2523 ‚
945 2469 1331 2535 Canonicoque‚
1376 2466 1410 2516 fi
1446 2465 1529 2530 qui
1571 2464 1620 2514 in
1641 2459 1873 2514 Ecclessae

92 2534 294 2586 servitio
313 2537 587 2588 deficerent
605 2571 618 2593 ‚
658 2537 965 2601 corripiendi
988 2571 1002 2596 ‚
1023 2554 1128 2600 quae
1144 2536 1319 2589 omnia
1338 2537 1398 2588 ab
1415 2533 1717 2587 Innocentio
1736 2532 1871 2583 Pon-

91 2603 227 2654 tifiee
250 2605 625 2657 Constitutione
649 2604 730 2657 sua
755 2611 958 2670 probata
981 2641 996 2664 ,
1032 2609 1079 2658 &
1114 2609 1410 2661 confirmata
1447 2602 1689 2657 fuerunt.
1722 2600 1872 2651 Hanc

95 2673 477 2739 Praepofituram
499 2676 704 2742 triginta
726 2678 784 2727 ab
804 2678 919 2727 binc
939 2676 1078 2727 annis
1099 2680 1291 2731 obtinet
1309 2675 1527 2726 Carolus
1549 2675 1720 2724 Cento
1747 2667 1872 2721 Flo-

92 2745 250 2795 rinius
276 2780 289 2803 ‚
321 2746 401 2809 qui
443 2746 638 2809 quoties
670 2747 718 2796 in
752 2745 995 2798 exercitio
1025 2744 1198 2802 Officii
1235 2744 1305 2799 sui
1338 2741 1558 2797 Praefeeti
1589 2743 1762 2795 Choro
1810 2739 1872 2789 ab

91 2812 342 2877 Episcopis
366 2814 764 2868 Recinetenfibus
785 2822 1010 2868 turbatus
1027 2811 1154 2873 fuit,
1199 2816 1353 2869 toties
1379 2812 1598 2879 praesidio
1621 2812 1876 2887 innocen-

91 2883 235 2935 tianae
258 2884 410 2945 Bullae
428 2882 824 2944 iurisdietionem
849 2881 981 2937 suam
1002 2886 1169 2949 potuit
1194 2883 1467 2939 defendere
1491 2917 1506 2938 ‚
1545 2882 1872 2941 obtinuithQ

92 2951 141 3001 in
160 2952 359 3015 jndiciis
380 2991 395 3004 .
436 2952 535 3017 ipse
555 2966 724 3008 tamen
744 2990 757 3012 ‚
790 2957 872 3018 qui
898 2957 1074 3006 Choro
1091 2959 1258 3020 praeest
1279 2990 1292 3012 ‚
1316 2955 1467 3019 longe
1498 2953 1663 3005 minus
1684 2985 1699 3009 ‚
1717 2947 1874 3023 quam

89 3023 248 3071 caeteri
271 3025 580 3088 Capitulares
602 3060 616 3083 ‚
655 3025 818 3075 Chori
840 3023 1095 3076 servitium
1129 3027 1342 3089 praestat3
1386 3021 1539 3075 servit
1564 3021 1699 3074 enim
1723 3018 1874 3070 Pestis

92 3090 349 3143 dumtaxat
369 3093 581 3148 diebus:
621 3111 770 3159 quam
810 3111 914 3147 rem
949 3111 1067 3147 cum
1088 3094 1382 3161 Capitulum
1423 3107 1526 3143 non
1566 3089 1769 3154 putasset
1795 3083 1873 3162 fe-

88 3159 296 3213 rendam
322 3198 335 3220 ‚
370 3179 542 3225 preces
565 3163 755 3216 obtulit
773 3180 904 3215 anno
933 3180 1062 3228 1724
1102 3165 1253 3218 Sacro
1290 3166 1404 3215 huic
1422 3160 1687 3213 Tribunali
1712 3194 1727 3220 ‚
1760 3171 1874 3219 qui-

88 3233 180 3282 bus
206 3232 480 3295 postulabat
503 3265 520 3291 ‚
556 3247 606 3286 ut
629 3234 953 3297 Praepofitus‚
994 3236 1075 3297 qui
1113 3234 1319 3300 pingues
1354 3231 1583 3284 redditus
1621 3228 1831 3279 habebat
1854 3258 1875 3285 ,

90 3299 150 3350 ad
207 3302 561 3366 quotidianum
616 3299 881 3358 servitium
932 3304 1162 3357 Ecclesiae
1200 3301 1521 3369 praestandum
1582 3292 1869 3360 compelle-

97 3381 272 3422 retur.

18 3436 239 3493 Auditus
261 3475 275 3496 ‚
305 3440 387 3504 qui
408 3451 524 3492 tune
541 3443 771 3495 Ecclefiae
789 3442 860 3494 illi
887 3452 1086 3507 praeerat
1107 3481 1124 3507 ‚
1139 3440 1402 3507 Episcopus
1421 3435 1669 3491 Gherardi
1693 3433 1874 3486 secun-

93 3505 213 3560 dum
241 3508 564 3570 Praeuofitum
581 3509 1075 3580 respondit‚ideoquc
1092 3515 1166 3564 die
1188 3530 1245 3579 19
1262 3514 1395 3579 Sept.
1414 3511 1565 3562 eodem
1586 3524 1712 3558 anno
1739 3524 1757 3554 1
1773 3516 1875 3567 724

216 3579 536 3633 Tom.XXV1.
1092 3583 1115 3632 I
1770 3585 1880 3640 pre*
1964 3609 1969 3612 ·
