2571 3961
743 194 745 196 ,
1955 162 1970 194 ι

0 204 570 324 MEDIOLANEN.
617 203 1027 256 NULLlTATls
1077 202 1556 258 PROFESslolee
1597 204 1815 255 Nondum
1858 161 2011 271 elaps'o
2098 216 2212 272 Sess.
2229 227 2430 276 25.c.19.

176 272 401 322 biennioa
417 273 490 319 die
508 271 789 334 professionis
806 305 822 324 ,
852 285 986 331 quam
1004 267 1153 316 emisit
1173 270 1220 316 in
1237 266 1519 319 Monasterio
1549 269 1735 317 Parrum
1768 269 2012 319 Minorum
2064 277 2115 324 de
2139 280 2235 339 Res.

59 333 451 384 Convemualium
468 335 724 383 Mediolani'
741 335 816 381 die
831 348 874 387 4.
891 331 1166 395 Septembris
1179 348 1319 389 annot
1346 337 1473 394 1748.
1509 333 1559 381 P.
1596 331 1852 380 Ludovicus
1888 333 2015 381 Gad-

58 397 154 448 dius
171 434 187 453 ,
220 398 452 462 querelam
474 398 704 446 nullitatis
736 397 938 455 eiusdem
954 395 1232 458 profeffionis
1250 395 1510 458 proposuit3
1545 394 1635 442 duo
1652 408 1782 442 erant
1821 397 2017 444 nullita-

59 460 118 508 tis
135 462 333 524 Capita,
362 459 1028 513 defectusinterniconsensus,
1059 459 1130 507 vis
1162 461 1208 506 8<
1241 472 1382 506 metus
1418 457 1571 505 illatus
1606 473 1631 504 a
1666 458 1820 509 Fratre
1852 458 2018 513 maiori

60 523 251 587 Josepho
270 526 476 574 Antonio
491 523 677 571 Gaddio
693 560 706 578 ,
740 526 818 588 qui
837 521 1055 571 defuneto
1073 536 1192 568 anno
1231 535 1374 587 1745„
1398 519 1667 569 Innocentio
1683 521 1817 568 Patre
1834 555 1849 573 ‚
1879 521 2019 581 quin-

62 604 150 650 que
169 588 336 638 reliffls
353 587 493 641 filiis,
528 585 815 644 Divinojam
833 585 1019 633 servitio
1054 584 1197 631 tribus
1230 584 1471 645 adscriptis
1494 618 1508 637 ‚
1541 598 1721 635 curam,
1752 587 1794 635 δι
1818 583 2022 633 admini-

63 652 328 700 strationem
345 652 413 699 rei
430 648 664 700 familiaris
678 649 868 709 suscepit
887 683 901 702 ,
933 659 1074 708 utque
1112 647 1353 708 ampliores
1382 661 1492 705 opes
1511 682 1524 700 ,
1558 649 1601 693 δι
1643 649 1932 710 pinguiorem
1967 662 2024 695 ex

62 714 382 768 matrimonio,
413 714 467 762 ad
485 713 602 774 quod
637 711 840 758 animum
869 709 1142 771 appulerat,
1171 709 1333 757 dotem
1363 707 1446 756 fibi
1484 722 1770 769 compararet
1797 745 1808 763 ,
1842 721 2024 756 omnem

59 792 243 839 operam
258 776 528 828 collocavit,
557 785 608 822 ut
624 773 882 821 Ludovicus
899 771 1297 821 decimumsextum
1317 773 1462 821 aetatis
1494 787 1663 821 annum
1684 789 1819 834 agens
1856 774 2026 818 Mona-

61 841 192 889 sterio
209 856 370 889 nomen
385 839 542 888 daret:
575 833 625 885 id
645 833 886 884 obtinuisse
910 835 1088 884 dicebat
1109 835 1155 884 P.
1182 833 1441 884 Ludovicus
1460 834 1595 882 minis
1615 870 1627 887 ‚
1664 836 1705 882 &
1725 834 1989 884 verberibus
2010 870 2025 887 .

61 904 224 967 quibus
241 904 418 952 coactus
454 899 597 953 fuerit
626 897 923 962 Regularium
970 898 1371 946 Conventualium
1407 897 1554 947 vestes
1584 897 1812 959 suscipere
1844 930 1860 947 .
1900 897 2027 944 Dum

61 965 346 1030 probationis
364 979 530 1012 annum
547 974 699 1025 ageret
719 999 732 1017 ,
764 963 965 1011 animum
981 963 1108 1014 suum
1125 962 1322 1026 regulari
1339 961 1587 1023 disciplinae
1610 963 1893 1010 contrarium
1916 975 2028 1021 ape—

61 1027 199 1078 ruiss'e
216 1027 420 1075 Patribus
440 1061 455 1081 ,
486 1024 746 1089 &josepho
769 1026 977 1073 Antonio
1008 1023 1167 1077 fratri,
1205 1041 1231 1074 a
1265 1041 1352 1087 quo
1378 1026 1521 1073 minas
1541 1058 1555 1077 ,
1587 1025 1629 1071 8<
1665 1026 1857 1072 verbera
1894 1038 2028 1071 acce—

60 1091 163 1154 pit‘:
194 1089 503 1150 profeffionem
522 1090 671 1152 itaque
703 1086 890 1136 emisisse
925 1087 999 1135 sed
1028 1087 1129 1135 ficte
1148 1123 1163 1142 .
1199 1090 1241 1136 δι
1272 1087 1478 1136 simulate
1497 1122 1512 1142 ,
1546 1103 1685 1149 eaque
1723 1086 1875 1135 emissa
1903 1120 1915 1139 ,
1944 1101 2030 1132 ne-

58 1151 438 1216 que-clericalem
455 1151 750 1206 Tonsuram,
781 1166 926 1212 neque
945 1151 1150 1200 Minores
1188 1153 1385 1200 Ordines
1406 1150 1641 1212 suscepisse
1664 1189 1677 1207 ‚
1710 1167 1857 1211 neque
1891 1165 2030 1210 regn-

56 1216 122 1265 las
144 1213 403 1278 Religionis
421 1214 698 1268 observasse,
729 1214 932 1263 monitus
967 1215 1107 1269 licet,
1140 1213 1640 1276 &obiurgatusfuiss‘et
1661 1249 1674 1268 ‚
1709 1216 1816 1279 quia
1854 1213 2031 1262 nullam

56 1277 232 1346 diceret
250 1278 568 1341 professionem
588 1280 731 1332 suarna
765 1289 910 1326 morte
926 1279 1053 1326 obita
1072 1294 1097 1324 a
1113 1279 1311 1340 josepho
1328 1278 1466 1326 fratre
1490 1316 1503 1333 ,
1521 1278 1651 1326 illico
1666 1278 1900 1339 querelam
1918 1291 2031 1339 pro-

55 1338 244 1402 posuisse
259 1342 488 1392 nullitatis
507 1340 788 1404 professionis
807 1376 819 1389 .
852 1340 1236 1390 Eminentiffimus
1258 1342 1638 1403 Archiepiseopus
1659 1377 1671 1394 ,
1705 1343 1746 1389 δι
1783 1340 2023 1389 l'raefectus

54 1402 337 1455 Monasterio
352 1407 527 1454 nullam
548 1408 904 1469 pronunciatum
919 1405 1126 1453 eamdem
1145 1404 1459 1464 professionem
1479 1435 1494 1452 .
1538 1407 1576 1450 A
1615 1405 1817 1469 pellavit
1856 1405 2022 1455 Defen-

45 1466 125 1526 sbr
142 1500 156 1519 2
189 1469 231 1515 &
249 1484 298 1518 re
315 1470 369 1516 ad
385 1470 472 1518 hoc
489 1473 674 1519 Sacrum
690 1469 920 1519 Tribunal
935 1470 1083 1524 delata
1107 1505 1120 1524 ,
1137 1471 1178 1516 δι
1199 1471 1354 1517 eadem
1371 1469 1506 1516 habet
1530 1466 1578 1522 P.
1625 1468 1842 1516 udovicus
1862 1498 1873 1510 .
1895 1463 1994 1513 Res
1993 1489 2021 1499 -

53 1528 217 1596 pondit
236 1535 449 1593 Defiensor
462 1533 734 1598 profeffi'onis
757 1531 1244 1603 diffensumjnternum
1266 1547 1355 1579 non
1374 1529 1479 1580 satis
1515 1548 1539 1578 a
1577 1531 1628 1577 P.
1652 1532 1886 1578 Ludovico
1905 1543 2030 1590 ρει-ι·

56 1590 201 1660 ditum
221 1594 382 1649 fuisse3
411 1599 522 1646 Vim
541 1607 1046 1660 metumquegravema
1067 1595 1204 1644 fratre
1238 1595 1416 1643 illatum
1436 1611 1529 1642 non
1571 1595 1751 1656 probari
1779 1611 1787 1638 :
1824 1592 1854 1639 fi
1886 1605 2025 1652 quam

54 1647 148 1713 lpse
177 1657 318 1723 initio
352 1661 512 1709 habuit
539 1660 834 1710 voluntatem
870 1660 1148 1708 contrariam
1178 1658 1288 1707 vitae
1320 1658 1569 1722 Regulari‚
1604 1670 1827 1704 mutatam
1863 1651 2029 1704 fuisse.

55 1714 322 1840 ἕπει-πεπυ
343 1724 700 1778 Eminentissimi
735 1724 892 1773 Patres
910 1760 924 1782 ‚
957 1721 1181 1787 perpensis
1199 1723 1448 1773 rationibus
1466 1756 1482 1776 ,
1515 1737 1614 1786 quae
1644 1721 1877 1769 hincinde
1918 1731 2031 1780 pro-

119 1798 294 1838 nuntut
311 1822 323 1835 .

0 1847 76 1890 *An
95 1848 264 1906 constet
275 1854 328 1901 de
348 1852 572 1906 nullitate
592 1851 879 1915 Profeffionis
896 1854 944 1902 In
959 1852 1061 1912 casu
1085 1854 1191 1904 (rc.

124 1974 298 2026 Iterum
317 1992 604 2052 proponatur
620 2014 638 2037 ,

0 2159 476 2273 AUXIMANA
497 2165 1006 2222 CAPPELLAN1AE=
1041 2167 1372 2218 Testamento,
1405 2181 1494 2226 quo
1509 2163 1687 2213 deceffit
1721 2179 1844 2213 anno
1887 2166 2026 2215 1738.
2107 2177 2209 2241 Seff-
2242 2189 2314 2231 25,
2337 2192 2374 2225 ς,
2402 2189 2457 2235 3.

161 2234 372 2284 Sacerdos
391 2233 857 2285 PaulusSebastiani‚
890 2231 1093 2279 instituta
1114 2231 1288 2280 haerede
1336 2229 1670 2284 usufructuaria
1695 2226 1876 2289 Angela
1915 2225 2028 2274 Ma·
2076 2244 2126 2288 de
2151 2241 2251 2304 Res,

58 2301 128 2340 ‘fe
142 2333 156 2352 ‚
192 2299 310 2354 iussit
329 2335 344 2353 ,
377 2311 428 2347 ut
444 2337 456 2354 ‚
493 2317 542 2349 ea
562 2299 769 2348 defuncta
787 2334 800 2351 ‚
834 2295 1085 2356 erigeretur
1102 2311 1159 2342 ex
1172 2291 1381 2341 universa
1395 2296 1472 2341 sua
1493 2293 1761 2341 haereditate
1777 2290 2028 2355 Cappella-

56 2355 135 2404 nia
153 2360 350 2410 Laicalis
368 2378 595 2426 perpetua
618 2364 664 2411 in
680 2359 874 2410 Ecclesia
899 2356 1153 2406 Parochiali
1172 2359 1223 2417 S„
1242 2356 1431 2405 Thomae
1458 2355 1655 2416 Apostoli
1697 2354 1857 2400 Terrae
1891 2350 2027 2400 Offa-

57 2432 152 2469 neae
173 2457 188 2475 ,
218 2429 321 2472 dato
339 2425 637 2485 Cappellanis
656 2439 797 2474 onere
817 2435 1011 2486 quatuor
1027 2422 1256 2469 sacrorum
1277 2419 1463 2483 singulis
1495 2419 1793 2467 hebdomadis
1817 2453 1828 2470 ,
1869 2419 1912 2464 &
1946 2431 2031 2462 an-

57 2486 300 2539 niversarii
319 2489 504 2550 singulis
522 2491 653 2538 annis
681 2490 753 2536 die
770 2487 852 2535 suo
870 2485 1150 2537 emortuali,
1180 2485 1253 2534 cui
1287 2498 1443 2530 omnes
1461 2483 1661 2540 ejusdem
1687 2480 1846 2528 Terrae
1881 2481 2039 2527 Sacer·

58 2548 186 2597 dotes
205 2550 466 2599 interessent
488 2589 498 2600 .
535 2554 740 2602 Primum
763 2549 872 2597 inde
889 2548 1229 2610 Cappellanum
1263 2548 1528 2595 nominavit
1547 2545 1750 2599 Joaehim
1772 2542 2026 2591 Sebastiani

57 2609 379 2662 consobrinum
397 2617 523 2663 suum
543 2619 627 2663 hac
650 2616 747 2676 lege
765 2648 778 2664 ‚
811 2625 861 2660 ut
880 2612 911 2658 {i
928 2624 1134 2672 tempore
1157 2608 1733 2671 erectionisCappellaniae
1755 2643 1767 2659 ‚
1795 2623 1935 2669 neque
1958 2609 2033 2653 Sa-

61 2675 220 2722 cerdos
239 2674 349 2724 effer
370 2711 384 2730 ‚
411 2695 554 2740 neque
577 2679 624 2724 in
642 2676 784 2725 Sacris
804 2674 1058 2723 Ordinibus
1080 2673 1350 2722 constitutus
1370 2671 1684 2725 Canoellaniae
1704 2669 1905 2717 redditus
1928 2685 2035 2732 per-

63 2736 237 2798 ciperet
253 2741 483 2792 Plebanus
498 2740 696 2790 Offaneae
715 2772 729 2792 ,
745 2754 856 2801 quos
883 2751 1094 2800 erogaret
1111 2754 1194 2792 pro
1213 2738 1233 2792 J
1239 2737 1421 2784 oachim
1433 2734 1588 2785 studiis
1607 2749 1795 2797 operam
1811 2744 2034 2784 narrante,

64 2798 217 2858 fiquid
239 2819 349 2852 vero
361 2803 596 2863 superesset
616 2841 627 2856 ‚
663 2804 712 2850 in
733 2801 1071 2864 eleemosynam
1093 2814 1159 2849 tot
1183 2802 1423 2847 Sacrorum
1444 2800 1721 2860 agendorum
1739 2810 2037 2860 erogareturz

69 2859 170 2929 Ubi
187 2879 294 2913 vero
312 2869 460 2915 Sacris
479 2868 725 2916 Ordinibus
747 2865 1006 2913 honestatus
1025 2863 1131 2912 esset
1151 2900 1165 2918 ‚
1186 2862 1394 2918 joachim
1417 2863 1514 2926 ipse
1528 2861 1730 2923 'redditus
1748 2876 1911 2911 omnes
1929 2876 2035 2923 per-

70 2938 241 2986 clperet
262 2963 276 2981 ‚
309 2931 601 2993 impletisper
635 2932 782 2978 alium
819 2926 1134 2989 Cappellaniae
1169 2926 1418 2989 oneribus3
1451 2924 1773 2975 Addiditinde
1810 2959 1844 2978 ‚,
1877 2923 2037 2970 M'orto

67 3020 98 3040 ρ,
131 2990 237 3048 poi,
268 2992 351 3039 che
370 2993 427 3039 {ia
444 2993 573 3041 detto
591 2991 1058 3055 SignorGioacehino
1093 2987 1347 3037 Sebastiani
1369 2989 1522 3051 primo
1551 2988 1841 3048 Cappellano
1874 2987 2030 3033 nomi—

69 3085 101 3105 „
135 3062 272 3118 nato,
304 3071 460 3118 opure
491 3072 578 3102 non
604 3052 835 3102 volendofi
856 3054 923 3100 far
945 3052 1076 3100 Prete
1100 3087 1114 3106 ,
1142 3068 1170 3099 o
1189 3063 1373 3101 entrato
1407 3054 1454 3102 in
1488 3050 1630 3099 Sacris
1660 3087 1675 3103 2
1717 3066 1809 3099 non
1844 3052 2044 3098 volendo

67 3145 100 3169 „
132 3125 359 3168 ritenere,
388 3117 688 3166 &esercitare
705 3119 830 3164 detta
861 3115 1164 3178 Cappellania
1184 3152 1198 3170 ,
1247 3116 1390 3163 vuole
1409 3151 1423 3170 ,
1457 3116 1540 3164 che
1580 3113 1611 3159 sl
1650 3115 1827 3161 nomini
1852 3113 1885 3161 il
1907 3113 2040 3173 Cap-

64 3210 98 3232 „
129 3177 314 3238 pellano
331 3179 569 3230 successore
590 3216 603 3235 ,
631 3195 656 3228 e
673 3181 816 3230 chela
835 3179 1023 3227 nomina
1045 3194 1122 3241 per
1155 3177 1474 3235 Juspatronato
1511 3189 1731 3240 perpetuo
1758 3214 1772 3232 ‚
1808 3192 1832 3222 e
1852 3175 2040 3225 Laicale

65 3274 98 3294 ‚,
127 3240 198 3286 del
218 3257 369 3290 nuovo
386 3244 678 3305 Cappellano
696 3243 865 3303 spetti‚
896 3258 920 3290 e
940 3241 1112 3303 spettar
1149 3240 1299 3290 debba
1342 3253 1720 3305 perpetuamente
1753 3241 1844 3286 alla
1870 3240 2040 3287 linea-.-

62 3337 96 3356 „
128 3303 369 3357 mascolina
390 3307 459 3353 del
483 3308 644 3371 Signor
658 3306 908 3354 Girolamo
928 3304 1173 3353 Sebastiani
1209 3306 1254 3352 di
1298 3304 1448 3366 questa
1485 3318 1611 3351 terra
1653 3301 1913 3364 d’Offagna
1955 3301 2040 3349 Zie

66 3400 99 3419 ‚‚
131 3367 313 3415 carnale
329 3370 404 3416 dal
422 3370 516 3416 lato
536 3382 724 3432 paterno
745 3371 789 3417 di
807 3372 934 3418 detto
957 3368 1200 3417 Testatore
1221 3404 1235 3422 ,
1275 3370 1317 3415 &
1356 3371 1403 3416 in
1421 3365 1667 3419 deficienza
1705 3366 1750 3413 di
1786 3364 2040 3414 mascolina

66 3463 98 3483 „
131 3428 375 3488 spettialla
408 3433 533 3491 linea
570 3433 793 3480 femini-na
814 3466 828 3481 .
857 3441 981 3480 Hanc
1012 3435 1209 3495 deniq-'te
1246 3431 1416 3493 adjecit
1462 3433 1819 3479 declarationem
1842 3465 1856 3483 ‚
1894 3448 1917 3479 e
1950 3446 2041 3492 qua

64 3526 95 3547 ,2
128 3508 249 3540 mens
271 3495 368 3553 ejus
386 3497 659 3557 deprehendi
675 3497 842 3544 melius
858 3495 996 3553 posset
1015 3521 1033 3529 -
1059 3494 1358 3544 dichiarando
1377 3491 1724 3553 espressamente
1741 3492 1903 3540 volere
1937 3529 1949 3547 ‚
1987 3493 2041 3540 ed

61 3587 94 3609 ,‚
128 3554 363 3604 intendere
379 3590 392 3608 ,
421 3557 505 3605 che
521 3558 673 3619 questa
693 3559 769 3605 sua
790 3557 1090 3618 dispofizione
1115 3557 1243 3605 circa
1267 3557 1298 3602 l’
1318 3557 1528 3604 erezione
1544 3555 1587 3603 di
1607 3556 1916 3620 Cappellania
1947 3571 2040 3602 non

66 3652 99 3673 ,‚
135 3617 194 3663 sia
216 3616 408 3669 formale
425 3621 637 3676 erezione
659 3622 704 3667 di
725 3635 892 3669 veruna
910 3620 1157 3679 {Prehenda
1176 3655 1190 3674 ,
1231 3635 1258 3666 ο
1292 3618 1526 3668 Beneficio
1546 3653 1560 3670 ,
1593 3634 1667 3667 ma
1689 3637 1807 3684 pura
1829 3618 2041 3667 elemosi-

67 3711 99 3747 φ
136 3696 225 3735 na,
258 3682 342 3730 che
360 3682 546 3738 intende
567 3683 750 3732 lasciare
772 3698 848 3749 per
868 3681 900 3730 l’
919 3683 1068 3732 anima
1085 3683 1160 3731 sua
1182 3717 1197 3747 2
1230 3683 1285 3730 de
1305 3679 1404 3733 suoi
1425 3682 1646 3734 Genitori
1667 3719 1682 3738 ,
1719 3686 1760 3732 ὄι
1781 3685 1890 3730 altri
1924 3696 2040 3730 con-

1778 3782 1807 3806 „
1840 3747 1974 3811 giun—
