2571 3961
118 230 378 281 Territorio
398 226 601 289 affignati
617 237 707 278 non
723 227 978 278 saecularem
996 235 1174 276 tantum
1196 258 1213 279 ,
1242 225 1316 273 sed
1350 228 1490 275 etiam
1517 230 1863 282 Ecclefiasticam
1887 188 2073 292 Jurisfii-

115 296 306 343 &tionem
320 304 649 348 coercuerunt.
682 295 993 351 Gallinariam
1029 304 1221 350 namque
1253 289 1311 335 ad
1349 289 1568 348 Soranam
1602 294 1848 357 Diecefim,
1888 310 1936 345 ut
1971 301 2069 360 pri—

114 362 243 409 dem,
281 353 503 417 pertinuit
522 386 537 406 ,
570 355 721 414 Atina
740 354 793 401 ad
811 353 1078 417 Episcopum
1107 353 1390 415 Aquinatem
1408 389 1421 407 ,
1464 355 1532 401 uti
1553 356 1710 413 ,Atinae
1746 357 2036 422 Praepofitum
2052 394 2070 414 ,

113 419 295 481 ejusque
314 416 541 480 Dixecestm
556 448 573 473 .-
604 417 657 464 In
673 417 690 474 <i
726 417 771 464 so
792 417 949 465 horum
967 416 1332 472 Territoriorum
1371 416 1545 476 confini
1562 451 1580 480 ρ
1610 421 1652 466 &
1672 423 1836 482 partim
1856 425 1903 470 in
1935 439 2029 471 uno
2051 456 2069 476 ‚

113 483 344 546 partimin
362 483 577 538 alteroex
594 480 665 527 his
697 527 703 533 „
734 477 1182 539 erritoriisaedificari
1201 479 1322 540 cepit
1357 482 1506 539 casale
1540 485 1809 544 Ricinischi‚
1844 487 2065 554 Qinque

114 546 310 609 primum
328 544 529 601 Familiae
562 557 768 605 agrorum
784 544 1075 599 colendorum
1099 539 1229 588 causa
1251 541 1401 594 ¹locum
1430 544 1552 598 hunc
1581 545 1789 594 habitare
1808 543 2027 610 ceperunt
2042 583 2063 609 ,

116 626 223 659 mox
239 609 344 658 aliae
361 620 497 669 atque
534 606 637 663 aliae
670 621 727 662 ex
764 607 909 652 Atina
931 640 945 659 ,
974 608 1016 652 &
1044 603 1306 659 Gallinaria
1338 607 1697 665 convenientes,
1734 609 1776 663 4&
1816 611 1984 670 partim
2012 611 2062 663 iri

114 670 392 728 Territorio
411 668 660 726 Gallinarii
675 703 688 722 ,
715 668 892 731 partim
910 670 956 715 in
975 668 1241 722 Territorio
1267 668 1422 715 Atinae
1438 670 1734 719 consedentes
1752 672 1907 720 locum
1927 688 2063 727 auxe-

114 745 219 790 tunt
238 768 251 786 ,
287 732 525 794 omnesque
543 729 686 788 Cives
713 730 971 788 'Ricinischi
1004 731 1116 777 dicti
1139 730 1274 777 sunt:
1305 730 1383 792 qui
1417 746 1525 781 ,vero
1542 749 1599 782 ex
1630 736 1773 787 Atina
1805 747 2023 783 venerant
2042 772 2059 791 ‚

114 796 360 851 Atinatum
376 809 540 840 nomen
556 828 568 846 ‚
598 794 640 849 ὅς
657 793 868 840 Civicam
887 792 1150 854 qualitatem
1169 792 1369 840 retinere
1401 797 1650 843 voluerunt
1674 812 1815 846 ,onera
1832 833 1846 850 ,
1881 799 1922 845 δι
1942 796 2060 845 Col-

113 861 248 907 lectas
265 857 487 915 solventes
510 857 556 902 in
574 855 789 903 Civitate
810 856 960 918 Atinae
980 892 989 911 ,
1027 855 1256 912 utnfadtum
1273 854 1335 901 est
1352 857 1405 903 ab
1425 857 1478 903 iis
1499 894 1512 911 ,
1545 861 1622 927 qui
1646 877 1670 906 e
1688 859 1955 912 Gallinario
1973 875 2059 908 ve-

110 933 272 971 nerant
288 935 426 967 onera
446 955 458 972 ,
491 920 534 965 &
553 918 783 965 Colleuas
805 918 1095 975 solventesin
1125 916 1274 973 Terra
1304 917 1583 969 Gallinarii.
1620 923 1716 985 Qi
1752 923 1802 970 in
1837 922 2057 975 Territo-

113 985 179 1034 tio
210 982 467 1041 Gallinarii-
494 980 815 1037 consederant,
847 983 1086 1034 Atinates,
1121 996 1364 1044 eorumque
1403 983 1538 1036 Filii,
1569 986 1611 1032 &
1652 985 1965 1040 descendentes
2002 989 2056 1034 ad

110 1046 256 1095 nostra
269 1048 361 1105 hate
374 1057 579 1106 tempora
593 1045 638 1101 in
652 1043 860 1100 judices(
862 1060 935 1090 uos
956 1044 1185 1092 saeculares
1201 1046 1558 1105 recognoverunt
1575 1046 1915 1105 Gubernatores
1934 1047 2054 1103 Gal·

108 1110 292 1163 linarii,
321 1109 395 1157 seu
417 1108 569 1167 Alviti
588 1144 600 1161 ‚
635 1110 674 1155 &
697 1106 1045 1167 Ecclesiasticam
1082 1106 1448 1161 jurisdictionem
1486 1109 1802 1172 Episcoporutn
1821 1111 1967 1164 Sorae‚
1999 1127 2053 1159 ac

108 1174 303 1226 duorum
324 1173 619 1227 parochorum
637 1170 890 1225 Gallinarii
909 1204 923 1222 ,
955 1170 1029 1231 qui
1047 1171 1334 1229 Sacramenta
1354 1172 1657 1221 ministrarunt
1676 1175 1839 1226 incolis
1878 1173 2055 1228 ,Casalis

111 1234 398 1291 Ricinischi,
428 1251 517 1296 rqua
536 1247 665 1305 parte
684 1235 728 1281 in
742 1247 894 1287 eorum
925 1232 1148 1287 parochiis
1183 1232 1313 1280 fitum
1348 1234 1408 1281 est
1432 1271 1446 1288 ,
1476 1237 1681 1293 domibus
1714 1237 2044 1292 benedixerunt

104 1297 308 1346 Paschali
328 1312 527 1359 tempore
550 1334 562 1347 ,
593 1299 635 1344 &
652 1293 956 1354 Pentecostes,
987 1295 1214 1353 defunctos
1232 1294 1629 1345 inl’arochialibus
1655 1298 1868 1347 Ecclefiis
1891 1310 2054 1347 tumu-

104 1363 288 1419 larunt,
322 1361 494 1422 aliaque
510 1363 610 1418 jura
628 1358 912 1415 parochialia
929 1371 1228 1406 exercuerunt
1246 1393 1260 1411 ,
1297 1372 1345 1406 ut
1366 1362 1534 1419 pariter
1552 1361 1713 1409 factum
1734 1362 1822 1408 fuit
1842 1377 1866 1409 a
1884 1363 2053 1409 Cano-

103 1423 218 1471 nicis
236 1423 507 1485 Collegiata:
525 1460 537 1476 ‚
571 1425 612 1470 &
635 1422 908 1479 Parochialis
931 1420 1134 1480 Ecclesiae
1153 1422 1306 1481 Atinae
1329 1423 1375 1470 in
1392 1423 1537 1471 altera
1561 1437 1690 1488 parte
1711 1424 1886 1473 Casalis
1906 1423 2047 1484 Rici-

103 1486 247 1544 nischi
265 1520 277 1541 ‚
305 1503 400 1549 quae
420 1487 465 1533 in
479 1485 736 1541 Territorio
756 1485 909 1542 Atinae
927 1484 1066 1543 polita
1083 1484 1144 1538 est
1166 1520 1177 1531 .
1564 1495 1570 1500 ·

39 1549 332 1607 Postauctum
351 1565 586 1597 numerum
605 1548 758 1611 populi
779 1549 824 1594 in
845 1546 994 1605 Casali
1015 1547 1268 1605 Ricinischi
1282 1585 1296 1604 ‚
1326 1564 1430 1606 cum
1449 1550 1584 1598 nimis
1604 1551 1946 1599 incommodum
1967 1551 2041 1600 es-

100 1612 165 1662 set
180 1615 237 1667 ad·
252 1612 534 1670 parochiales
550 1611 795 1669 Gallinarii
815 1646 825 1663 ,
867 1610 941 1660 vel
977 1612 1128 1657 Atinae
1158 1611 1402 1670 accedere,
1436 1614 1754 1673 communibus
1787 1613 2047 1668 incolarum

101 1674 307 1736 impensis
326 1676 526 1730 extructa
545 1674 630 1721 fuit
658 1673 879 1734 cappella
898 1673 1098 1720 dedicata
1138 1682 1285 1730 Beata·
1315 1679 1488 1734 MarLe
1520 1681 1572 1725 de
1611 1686 1764 1730 Monte
1810 1680 2010 1725 carmelo
2031 1709 2046 1737 ρ

95 1752 193 1800 quae
210 1752 315 1792 cum
336 1735 548 1795 aedificata
567 1735 706 1783 fuerit
726 1736 772 1793 in
787 1752 837 1782 ea
854 1748 979 1794 parte
995 1735 1170 1794 Casalis
1192 1772 1204 1789 ,
1240 1755 1338 1803 quae
1374 1738 1434 1794 est
1461 1738 1506 1783 in
1541 1738 1814 1796 Territorio
1851 1738 2013 1787 Atinae
2030 1775 2046 1794 ‚

97 1799 332 1861 pertinere
353 1800 509 1855 debuit
526 1800 585 1858 ad
602 1798 837 1854 Ecclesiam
855 1798 1166 1861 Collegiatam
1186 1835 1199 1852 ,
1232 1801 1273 1859 ᾅ
1292 1800 1600 1857 Parochialem
1635 1802 1832 1860 ejusdem
1856 1801 2048 1848 Civita-

96 1863 156 1908 tis
174 1895 188 1920 ,
221 1863 263 1919 §c
286 1862 387 1919 ideo
408 1861 696 1920 aCanonicis
717 1862 912 1920 ejusdem
933 1859 1135 1919 Ecclesiae
1170 1863 1373 1921 deputati
1410 1862 1593 1922 fuerunt
1632 1865 1902 1914 Sacerdotes
1920 1899 1934 1916 ‚
1971 1863 2046 1925 seu

84 1924 363 1986 Cappellani
381 1925 501 1974 dietae
519 1924 757 1988 Cappellae
776 1923 1063 1982 Ricinischi·,
1102 1925 1146 1970 in
1164 1941 1249 1986 qua
1273 1936 1422 1972 tamen
1439 1927 1616 1974 nullum
1638 1941 1848 1988 umquam
1893 1928 2049 1974 reten-

91 1998 188 2034 tum
209 1987 300 2044 fuit
316 1991 655 2045 Sacramentum
677 2022 691 2040 ,
722 1988 935 2048 nullaque
953 1990 1151 2034 extructa
1172 1987 1375 2047 sepulcra
1396 2022 1411 2039 ‚
1442 1989 1560 2038 itaut
1594 1989 1625 2037 fi
1664 1990 1834 2051 aliquis
1870 1990 2042 2052 Atinas

87 2049 300 2104 habitans
320 2052 363 2099 in
380 2064 503 2112 parte
523 2050 772 2099 Ricinischi
793 2049 873 2095 sita
897 2048 943 2095 in
963 2049 1228 2098 Territorio
1246 2051 1491 2099 Gallinarii
1507 2052 1651 2099 vellet
1680 2056 1726 2099 in
1749 2051 1944 2099 Ecclesia
1969 2055 2043 2099 A·

93 2111 203 2175 tinae
233 2115 486 2166 tumulari,
520 2126 597 2161 aut
614 2114 889 2176 sepulturam
911 2112 1104 2175 eligeret
1120 2148 1134 2165 ‚
1159 2127 1247 2178 „aut
1271 2127 1493 2176 aegrotans
1511 2114 1860 2162 transferebatur
1880 2114 1925 2160 in
1961 2116 2041 2164 al-

91 2186 235 2223 teram
253 2176 510 2237 Ricinischi
529 2190 699 2238 partem
720 2213 733 2231 ,
769 2178 844 2225 vel
867 2177 916 2224 in
934 2176 1072 2240 ipsam
1092 2178 1244 2225 Ati'nae
1260 2177 1536 2234 Civitatem,
1567 2190 1615 2235 ut
1635 2181 1836 2235 moriens
1856 2179 1903 2231 in
1920 2176 2039 2225 Col-

88 2238 255 2299 legiata
272 2275 286 2293 ,
318 2242 360 2288 δι
378 2240 633 2298 Parocliiali
653 2239 847 2298 Ecclesia
868 2239 1065 2299 ejusdem
1079 2237 1305 2300 {eivitatis
1319 2242 1614 2296 conderetur,
1649 2240 1920 2304 Cappellani
1950 2255 2038 2288 ve·

86 2315 136 2347 ro
153 2300 363 2358 Ecclesiae
382 2339 395 2356 ,
428 2306 501 2360 seu
522 2313 669 2353 Beatae
690 2309 847 2358 Mariae
865 2308 917 2352 de
942 2302 1094 2359 Monte
1122 2306 1319 2353 carmelo
1355 2304 1454 2360 iura
1479 2342 1490 2358 ,
1527 2307 1568 2352 δι
1605 2304 1854 2360 functiones
1889 2303 2035 2351 Paro-

86 2365 256 2413 chiales
275 2366 390 2425 inea
413 2367 589 2419 Casalis
607 2367 731 2430 parte
749 2403 762 2421 .
795 2383 891 2430 qux
908 2367 1053 2430 polita
1087 2366 1150 2415 est
1185 2366 1439 2415 Territorio
1476 2367 1723 2416 Gallinarii
1742 2402 1757 2420 ,
1788 2382 1880 2415 non
1893 2381 2036 2414 exer-

85 2429 252 2476 cebant
271 2465 283 2482 ,
316 2431 359 2487 ὃς
377 2429 601 2493 siquando
619 2430 800 2494 aliquod
822 2443 1047 2492 egerunt,
1083 2432 1158 2478 vel
1175 2432 1432 2479 necessitate
1450 2467 1464 2485 ,
1501 2431 1787 2492 periculoque
1809 2442 2031 2490 urgente,

84 2488 250 2538 factum
274 2491 334 2550 est
351 2530 363 2554 ,
396 2497 739 2543 advenientibus
761 2494 864 2542 inde
887 2494 1094 2544 Parochis
1110 2492 1367 2551 Gallinarii
1385 2496 1678 2549 recedebant,
1710 2495 1784 2549 vel
1812 2495 1915 2551 data
1950 2509 2033 2541 ve-

86 2553 164 2599 nia
186 2570 210 2600 a
228 2555 438 2613 Parochis
456 2557 711 2613 Gallinarii
729 2595 743 2613 ,
776 2558 852 2619 qui
871 2557 1070 2614 officium
1089 2559 1214 2605 suum
1234 2557 1288 2604 iis
1315 2558 1579 2616 delegarunt
1600 2592 1612 2610 ,
1645 2568 1694 2603 ut
1715 2557 1874 2604 evenit
1911 2566 2034 2602 tem-

84 2629 193 2676 pere
209 2651 222 2669 ‚
256 2632 344 2679 quo
363 2622 878 2685 Archipresbyteratum
891 2621 1171 2678 Parochialis
1190 2619 1394 2676 Ecclesia:
1408 2619 1657 2677 Gal³inarii
1677 2618 1865 2676 tenebat
1892 2617 2033 2666 'rho-

85 2693 180 2724 mas
203 2679 386 2729 Santilli
405 2718 417 2736 ,
451 2684 646 2743 quicum
662 2685 720 2730 ob
737 2699 924 2746 gravem
942 2697 1122 2732 aetatem
1141 2719 1154 2738 ,
1183 2699 1270 2746 qua
1306 2685 1600 2744 praemebatur
1618 2718 1631 2737 ,
1665 2697 1757 2729 non
1787 2680 1926 2746 poss'et
1954 2696 2032 2727 ac-

85 2744 243 2788 cedere
262 2744 316 2789 ad
339 2746 640 2801 Parochianos
657 2746 831 2793 Casalis
847 2780 862 2799 ,
887 2745 1133 2804 facultates
1148 2747 1361 2794 conceflit
1391 2744 1682 2805 Cappellanis
1698 2777 1714 2803 ρ
1742 2757 1880 2807 atque
1916 2743 2028 2790 hine

86 2801 254 2865 factum
271 2805 332 2861 est
349 2843 362 2862 ,
397 2819 448 2864 ut
466 2825 567 2856 cum
594 2807 868 2870 cappellani
884 2842 898 2860 ‚
929 2808 1006 2857 vel
1026 2826 1081 2857 ex
1101 2809 1236 2864 causa
1256 2807 1527 2865 necestitatis·
1546 2841 1564 2869 ,Ι
1594 2806 1672 2855 vel
1691 2822 1749 2865 eg
1771 2806 2030 2869 delegatio-

84 2880 144 2911 ne
166 2867 473 2918 parochorum
491 2871 600 2920 Gall
609 2871 740 2929 inarii
758 2872 1119 2927 Sacramentales
1138 2871 1452 2928 Consessiones
1470 2871 1731 2928 incolarum
1770 2867 2028 2926 Ricinischi

85 2926 695 2983 TerritoriiGallinarienfis
712 2935 923 2995 excipere
942 2935 1153 2992 deberent
1168 2971 1182 2989 ‚
1217 2934 1486 2988 facultatem
1509 2933 1729 2997 petierint
1748 2969 1761 2987 ‚
1797 2933 1840 2978 δι
1865 2946 2030 2991 appro-

83 2989 184 3037 bari
205 2995 445 3044 debuerint
467 3014 492 3044 a
513 2997 696 3046 Soranis
715 2997 983 3060 Episcopis.
1017 2999 1099 3053 Sed
1134 2996 1512 3059 tandem-paucis
1540 2999 1596 3044 ab
1626 2997 1734 3043 hinc
1768 2995 1897 3044 annis
1935 2995 2028 3042 duo

84 3052 369 3121 Cappellani
385 3062 452 3117 Jo.
472 3060 664 3121 Baptista
698 3061 998 3124 Mangiante,
1029 3063 1073 3108 8<
1113 3060 1336 3108 Nicolaus
1369 3060 1594 3108 Policella
1626 3058 1928 3116 juraomnia,
1983 3058 2027 3106 &

81 3113 641 3181 funCtione‘s'P-amchiales
662 3124 710 3178 in
727 3140 781 3171 ea
808 3134 942 3188 parte
975 3123 1189 3177 Casalis,
1221 3138 1317 3184 quae
1350 3125 1412 3181 ad„
1434 3121 1745 3170 Gallinariam
1778 3121 1980 3183 pertinet
2012 3155 2028 3184 ,

83 3193 295 3229 exercere
313 3199 548 3245 coeperunt
563 3220 579 3245 ‚
815 3192 825 3199 ”
1789 3192 1793 3194 ’

19 3238 94 3289 Re
109 3247 292 3305 cognita
314 3249 572 3297 aParochis
589 3249 876 3304 Gallinarii,
908 3249 1061 3314 quaesti
1084 3251 1190 3298 sunt
1223 3250 1276 3297 de
1306 3250 1487 3297 turbata
1526 3264 1684 3304 eorum,
1715 3246 2028 3305 Jurisdittione

77 3307 127 3353 in
141 3305 285 3376 Curia
300 3310 554 3373 Epis-:opali
575 3316 741 3362 Sorana
759 3352 770 3363 .
807 3313 1030 3371 Processus
1052 3316 1254 3376 inceptus
1271 3312 1360 3360 fuit
1378 3346 1392 3364 ‚
1432 3313 1623 3373 receptis
1661 3312 1867 3373 pluribus
1893 3309 2020 3356 testi-

74 3366 361 3421 ficauonibus
377 3375 558 3422 testium
576 3412 589 3431 ,
625 3376 847 3438 suspensus
869 3377 978 3430 inde
1009 3376 1100 3434 fuit
1121 3380 1178 3424 ob
1207 3375 1332 3438 spem
1355 3388 1618 3437 conceptam
1653 3375 1964 3436 Cappellanos
1994 3388 2022 3427 a

77 3433 334 3482 turbatione
351 3436 591 3492 destitutos
611 3473 626 3491 ‚
661 3440 731 3493 sed
752 3456 857 3487 cum
878 3439 951 3492 illi
976 3445 1245 3503 pergerent,
1282 3438 1580 3502 prosequutus
1601 3437 1687 3493 fuit
1708 3471 1722 3489 ,
1757 3451 1905 3498 neque
1943 3446 2023 3483 ta·-

77 3507 182 3538 men
199 3495 350 3564 perfici
371 3501 519 3559 potuit
536 3537 550 3555 ,
568 3504 795 3559 translato
816 3502 1031 3563 Episcopo
1047 3504 1224 3551 Sorano
1239 3505 1292 3557 ad
1309 3503 1589 3554 Cathedram
1611 3498 2019 3562 Amalphytanam3

75 3556 184 3603 Sede
203 3559 341 3626 igitur
362 3563 615 3625 Episcopali
632 3566 709 3618 diu
727 3579 882 3623 vacata
900 3601 914 3619 ,
945 3563 1221 3627 Cappellani
1259 3565 1395 3611 latius
1431 3562 1654 3625 exequuti
1679 3563 1781 3610 sunt
1813 3561 2019 3610 officium

69 3617 335 3670 Parochiale
347 3623 481 3672 soluti
496 3628 615 3674 omni
636 3640 759 3684 metu
779 3662 794 3676 .
828 3630 895 3675 Ut
913 3628 1048 3690 igitur
1069 3627 1117 3675 in
1132 3629 1343 3676 ordinem
1374 3627 1698 3688 redigerentur,
1715 3624 1852 3673 satius
1871 3636 2017 3686 puta-

70 3694 177 3739 tunt
197 3683 396 3736 Parochi
418 3687 671 3741 Gallinarii
689 3692 850 3741 adhoc
870 3693 1058 3741 Sacrum
1076 3689 1305 3740 Tribunal
1326 3688 1569 3754 confugere
1585 3723 1598 3739 .
1632 3689 1794 3739 Auditi
1828 3686 2014 3795 futetunt.

141 3763 144 3767 ,
1832 3766 1861 3797 u
1888 3763 1950 3796 n-

1235 3830 1259 3841 *-
