2571 4002
85 252 156 297 itu
175 279 189 298 ,
221 253 301 290 aut
321 238 372 288 in
389 240 539 288 reditu
556 238 719 287 misere
740 251 923 300 percant
941 274 952 292 ,
986 250 1122 300 prout
1145 237 1260 297 saepe
1273 237 1432 283 evenit
1447 266 1462 282 .
1481 231 1651 281 lnsirmi
1670 248 1851 297 quoque
1869 237 2026 298 saepius

86 312 176 359 fine
199 305 502 354 Sacramentis
526 339 537 355 ,
569 305 610 349 &
634 302 722 348 fine
742 303 836 349 ulla
855 300 1109 349 Oeconomi
1128 315 1218 361 ope
1230 297 1511 345 decesserunt
1524 311 1579 343 eo
1598 296 1800 344 disti-aeto
1819 299 1922 346 aliis
1942 316 2029 347 ne·

87 369 236 434 gociis
256 404 270 423 ,
307 369 384 417 vel
399 365 603 429 pluribus
624 365 783 412 eodem
799 376 1001 426 tempore
1019 362 1345 423 aegrotantibus
1369 382 1381 417 ;
1412 361 1529 408 itaut
1548 360 1827 420 impossibile
1854 361 1904 408 fit
1927 401 1935 411 .
1976 375 2028 410 ut

89 425 389 482 ‘Oeconomus
412 427 623 475 omnibus
646 426 803 484 praesto
821 426 907 474 ess'e
926 425 1060 488 possit
1083 427 1128 470 in
1150 436 1274 470 tanta
1295 422 1553 471 Territorii
1572 422 1696 468 illius
1711 424 2032 482 amplitudine.

90 509 311 562 quantam
327 493 416 540 fert
433 490 623 538 ambitus
642 487 801 535 decem
820 526 832 543 ,
873 492 914 536 &
937 493 1040 536 oClo
1057 487 1360 534 millai-iorum
1379 519 1393 533 .
1428 486 1588 548 Neque
1611 486 1756 532 levius
1773 485 1833 534 est
1859 487 1905 532 in
1928 504 2032 535 ma-

94 557 326 607 trimoniis
341 551 652 604 contrahendis
669 551 1129 614 periculum,quorum
1146 549 1513 598 denunciationes
1529 564 1633 599 cum
1651 547 1818 595 {iamin
1837 550 2030 597 Ecclefia

92 619 351 672 Parochiali
378 614 529 664 'surr-Is
547 612 852 660 Annuneiatae
878 649 890 665 ,
923 615 968 659 in
985 629 1120 675 quam
1143 611 1334 673 populus
1365 611 1615 662 Territorii
1634 616 1678 660 di
1710 614 1839 670 Bol'co
1862 615 2028 675 Regale

96 697 346 744 numquam
363 673 577 731 convenit
599 708 613 727 ‚
644 689 733 720 non
754 678 1024 737 perveniunt
1041 676 1093 721 ad
1111 690 1241 722 aures
1257 689 1412 723 eorum
1435 709 1446 726 ,
1480 679 1560 738 qui
1580 674 1790 722 habitant
1827 675 1874 721 in
1900 675 2028 734 quin·

94 763 184 810 que
201 744 330 807 pagis
352 780 364 797 ,
397 741 560 803 quique
579 737 893 797 impedimenta
911 775 923 792 ‚
962 736 993 783 si
1009 754 1095 799 qua
1113 737 1279 790 adsint,
1311 738 1393 786 soli
1413 740 1524 785 scire
1541 738 1716 804 poss'ent
1735 774 1747 790 ‚
1780 736 1860 783 nisi
1898 736 2026 796 post-

90 825 232 872 quam
248 802 531 854 matrimonia
547 802 781 847 conti-aeta
798 801 982 847 fuerunt
998 818 1011 845 ε
1042 802 1173 847 Unde
1193 800 1372 848 inutilis
1389 815 1592 850 remanet
1631 797 1895 848 Tridentini
1931 813 2031 860 pro·

94 869 299 923 videntia
314 863 557 929 reperta‘ad
577 860 759 909 vitanda
779 863 1075 911 matrimonia
1098 863 1146 909 in
1183 863 1394 925 gradibus
1425 865 1667 925 prohibitis
1685 896 1699 910 .
1735 865 1844 911 Haec
1876 862 2029 910 omnia

95 941 338 987 moverunt
355 928 573 991 pietatem
595 958 609 977 ,
639 925 868 990 animique
888 926 1157 988 religionem
1174 927 1418 987 Sthephani
1441 929 1610 976 Marini
1643 927 1864 987 Principis
1887 927 2028 974 Stria-

92 997 144 1046 ni
163 997 233 1043 cui
251 1006 389 1053 nuper
403 1002 566 1050 magna
582 988 868 1047 pecuniarum
885 990 933 1039 vi
951 988 1178 1051 quaesitum
1197 989 1282 1037 fuit
1294 991 1551 1039 dominium
1570 989 1812 1038 Territorii
1831 993 1878 1036 di
1896 991 2024 1044 Bofco

92 1059 284 1120 Regale,
306 1065 357 1101 ut
377 1053 438 1100 Po
476 1050 545 1097 uli
564 1050 691 1098 illius
711 1051 958 1102 necessitati
980 1052 1258 1102 consuleret.
1297 1053 1458 1101 Preces
1479 1056 1619 1116 igitur
1636 1052 1804 1101 obtulit
1837 1050 2023 1111 Episco-

88 1133 149 1181 po
168 1118 349 1166 Nolano
370 1116 428 1163 Vi
449 1114 685 1161 nationem
704 1115 860 1175 agenti
879 1151 892 1169 ,
923 1116 1086 1177 quibus
1106 1118 1289 1176 petebat
1306 1133 1433 1165 novae
1454 1118 1675 1164 Parochiae
1713 1115 1987 1161 ereClionem
2008 1149 2020 1162 .

86 1181 189 1230 Has
216 1191 370 1244 preces
383 1174 539 1226 offerri
558 1176 675 1233 iussit
695 1176 936 1239 Episcopus
954 1180 1092 1226 Sacro
1110 1178 1215 1227 huic
1235 1179 1476 1229 Tribunali
1497 1214 1510 1232 ‚
1548 1180 1684 1241 iisque
1699 1175 1868 1231 oblatis
1890 1213 1900 1228 ,
1919 1175 2017 1229 res-

85 1241 287 1302 criptum
304 1242 421 1296 fuit,
453 1252 506 1288 ut
521 1237 638 1287 solet
669 1236 803 1294 fieri,
839 1240 1050 1307 Episcopo
1077 1257 1165 1306 pro
1207 1245 1551 1303 informatione,
1587 1251 1645 1293 i&
1678 1253 1786 1290 voto
1807 1277 1822 1294 ,
1862 1243 2017 1287 audito

85 1304 296 1356 warocho
312 1337 329 1354 0
529 1352 531 1358 ,

20 1369 147 1434 'Qae
168 1371 376 1417 hadenus
396 1383 451 1416 ex
469 1366 582 1415 fauo
601 1367 881 1416 narravimus
901 1368 958 1415 de
973 1368 1175 1417 locorum
1212 1368 1419 1419 distantia
1433 1405 1446 1423 ,
1484 1367 1748 1419 incolarum
1779 1381 1968 1415 numero
2004 1403 2024 1423 2

80 1433 326 1496 periculis,
355 1431 660 1481 diminutione
678 1430 829 1477 divini
849 1432 1023 1485 cultuS,
1059 1432 1273 1493 malisque
1307 1435 1504 1481 moribus
1543 1433 1654 1480 novi
1675 1433 1831 1488 Populi
1867 1435 1912 1477 di
1938 1438 2016 1477 Bo·-

67 1505 151 1558 VJeo
169 1497 332 1558 Regale
349 1496 694 1555 comprobantur
709 1492 1094 1546 testificationibus
1110 1495 1298 1542 Parochi
1315 1534 1328 1551 ‚
1361 1498 1634 1557 aliorumque
1653 1508 1818 1540 novem
1852 1495 2016 1543 Sacer-

83 1559 242 1607 dotum
259 1556 400 1614 vic-ini
418 1556 590 1619 Oppidi
614 1556 759 1615 casale
775 1560 823 1604 di
842 1558 969 1614 Bosco
989 1592 1003 1610 ,
1032 1558 1112 1614 fleu
1129 1560 1258 1616 Bosco
1275 1571 1346 1608 tre
1369 1560 1484 1608 Case
1505 1595 1518 1613 ,
1553 1557 1848 1606 obstreticurn
1866 1590 1879 1607 ,
1896 1555 2016 1603 alio.-

79 1635 270 1682 rumque
310 1619 475 1679 septem
507 1617 716 1674 testium,
745 1620 787 1666 &
818 1619 1036 1679 praecipue
1069 1622 1294 1668 relatione
1328 1622 1462 1685 Regii
1493 1621 1818 1669 Gubernatoris
1850 1617 2016 1665 Turris

85 1685 271 1731 Oflavae
290 1717 309 1739 ,,
340 1682 420 1729 seu
433 1683 504 1730 del
524 1690 666 1729 Greco
686 1716 699 1735 ,
730 1681 805 1727 cui
826 1697 982 1728 munus
1018 1684 1104 1728 hoc·
1135 1683 1290 1732 datum
1318 1685 1406 1733 fuit
1433 1703 1456 1732 a
1491 1687 1549 1732 R.
1575 1685 1622 1731 P.
1643 1683 1701 1731 D,
1723 1680 2012 1743 Cappellano

78 1747 248 1804 majori
268 1780 283 1798 ,
314 1743 510 1806 Populus
525 1740 654 1795 offert
670 1759 916 1806 congruam
933 1760 1013 1805 pro
1029 1760 1148 1793 novo
1167 1747 1366 1796 Parocho
1389 1748 1433 1794 in
1451 1748 1625 1804 iuribus
1645 1746 1766 1793 stolae
1785 1781 1798 1798 ‚
1817 1760 1914 1804 quae
1934 1744 2013 1802 ip-

79 1809 123 1857 se
140 1808 278 1856 solvit
300 1826 317 1861 3
349 1807 498 1869 siquid
511 1805 652 1862 defit,
689 1806 894 1866 supplere
913 1810 1168 1867 paratusest
1185 1810 1401 1872 Princeps
1437 1809 1595 1856 annuis
1630 1808 1716 1855 suis
1761 1806 2017 1855 redditibus

74 1872 350 1921 >ducatorum
365 1869 661 1933 quadraginta
682 1906 696 1924 ‚
722 1870 902 1917 servans
921 1870 998 1916 fibi
1016 1871 1087 1927 ius
1101 1874 1356 1922 nominandi
1394 1872 1614 1920 Pan-ochos
1635 1908 1640 1914 ,
1683 1872 1864 1918 Patroni
1904 1886 2015 1931 quo-

71 1952 163 1997 que
184 1934 389 1982 Ecclesiae
407 1937 454 1982 di
472 1942 619 1981 Monte
633 1937 827 1994 Vergine
845 1968 859 1986 ‚
886 1932 984 1994 quse
998 1935 1170 1981 caeteris
1192 1937 1406 1984 omnibus
1424 1936 1577 1998 aptior
1595 1935 1685 1988 est,
1726 1936 1766 1981 &
1802 1948 2011 1984 commo-

80 1999 212 2051 dior,
244 2014 344 2044 eam
358 1994 664 2045 concesserunt
699 1995 900 2057 Principi
930 1996 1129 2049 Striani,
1158 2013 1248 2045 non
1286 2011 1336 2047 ut
1379 1999 1422 2045 in
1458 1999 1539 2046 illa
1569 1997 1897 2044 constitu-ntur
1930 1995 2020 2044 ulli

74 2062 331 2118 Oeconomi
351 2094 366 2112 ‚
396 2060 467 2106 sed
483 2094 496 2112 ‚
533 2069 582 2106 ut
599 2073 717 2105 nova
734 2058 949 2111 parochia
966 2059 1013 2103 in
1034 2076 1085 2106 ea
1101 2060 1215 2122 erig}
1251 2065 1378 2124 poffit
1396 2096 1406 2105 .
1442 2060 1624 2109 Audito
1661 2060 1799 2121 igitur
1830 2058 2018 2120 Episco-

76 2140 136 2185 ΡΟ
152 2162 164 2178 ‚
196 2124 324 2171 causa
340 2138 457 2183 nunc
476 2120 744 2183 proponitur
763 2156 778 2175 2
809 2124 851 2169 &
871 2121 1070 2183 disputat
1091 2123 1300 2187 Princeps
1317 2124 1486 2172 Striani
1500 2160 1514 2178 ,
1549 2137 1682 2186 atque
1707 2121 1917 2169 homines
1937 2122 2015 2168 la-

74 2185 262 2233 tifundii
281 2192 326 2234 di
342 2187 467 2243 Bofco
485 2186 647 2249 Regale
675 2219 690 2239 ‚
723 2184 798 2246 qui
816 2183 873 2232 ad
903 2184 1080 2237 causam
1100 2201 1327 2238 venerunt
1349 2226 1361 2243 ,
1398 2204 1490 2236 non
1528 2186 1696 2235 versari
1725 2200 1809 2232 nos
1844 2185 1892 2230 in
1924 2183 2023 2231 dis-

73 2250 434 2300 membratione,
462 2248 594 2295 sedin
613 2250 837 2297 erectione
856 2260 993 2296 'novae
1016 2248 1240 2299 Parochiae
1261 2269 1316 2301 ex
1339 2254 1540 2300 Decreto
1580 2248 1855 2296 Tridentini
1881 2282 1896 2299 ,
1930 2262 2023 2309 quo

73 2326 260 2360 cautum
277 2312 363 2361 suit
387 2347 401 2365 ,
433 2324 483 2358 ut
500 2327 545 2358 in
569 2312 622 2364 iis
645 2313 755 2359 locis
780 2344 791 2361 2
809 2313 855 2357 in
871 2310 1030 2372 quibus
1049 2313 1183 2361 nullae
1204 2315 1305 2362 sunt
1321 2315 1606 2363 Parochiales
1626 2309 1857 2372 ,Episcopi
1890 2323 2027 2376 quam

67 2377 222 2439 primu
253 2391 295 2422 m
311 2374 404 2422 fieri
427 2388 582 2422 curent
598 2411 610 2428 ‚
643 2390 732 2422 non
748 2375 1024 2423 obstantibus
1045 2377 1399 2440 quibuscumque
1432 2376 1692 2439 privilegiis
1713 2410 1725 2428 ,
1754 2374 1796 2421 &
1838 2377 2030 2441 conlue—

72 2438 218 2485 tudini
242 2441 320 2486 bus
335 2437 942 2486 etiamimmemorabilibus:
970 2440 1142 2488 nullam
1161 2440 1288 2489 fuiffe
1309 2442 1581 2491 Parochiam
1613 2441 1658 2487 in
1699 2434 1953 2487 latifundio.
1977 2436 2025 2481 di

77 2503 416 2564 Bol'coRag.1le,
452 2500 837 2556 eumilludferaes,
879 2505 1076 2563 avesque
1104 2516 1311 2553 tenerent
1333 2541 1346 2560 ,
1385 2518 1626 2567 antequam
1661 2499 1870 2547 homines
1892 2533 1906 2552 ,
1937 2513 2024 2549 ex-

73 2562 172 2609 cifis
191 2565 440 2611 nemoribus
458 2601 469 2620 ‚
506 2565 694 2628 soloque
728 2565 910 2614 subacto
926 2602 938 2620 ,
979 2567 1088 2612 iliud
1108 2568 1367 2616 incolerent
1384 2601 1399 2620 ,
1432 2581 1575 2628 neque
1598 2564 1737 2613 ullam
1760 2560 1846 2608 effe
1871 2596 1883 2614 ,
1916 2574 2023 2608 cum

68 2626 161 2672 hoc
182 2626 470 2675 latifundium
491 2643 733 2689 numquam
768 2628 904 2676 fuerit
938 2630 1056 2677 intra
1085 2627 1197 2680 fines
1230 2632 1420 2689 alicujus
1456 2628 1687 2678 Parochiae
1710 2643 1723 2670 ε
1762 2624 2022 2672 Parochum

72 2703 186 2735 vero
210 2688 371 2736 Turris
388 2692 689 2739 Annuneiatae-
707 2706 945 2752 numquam
966 2692 1089 2740 fuiss’e
1108 2708 1268 2742 verum
1287 2729 1300 2745 ,
1333 2696 1374 2741 &
1399 2691 1625 2755 proprium
1645 2689 1821 2735 Paroch
1831 2703 1903 2734 um
1926 2702 2017 2734 no-

71 2753 121 2797 vi
141 2751 297 2810 Populi
318 2788 331 2806 ,
368 2756 445 2817 qui
470 2752 768 2802 ferriterium
786 2758 829 2811 αζῐ
847 2757 975 2814 Bofco
995 2758 1158 2817 Regale
1178 2756 1385 2803 incolere
1398 2756 1530 2817 caepit
1548 2789 1562 2807 ‚
1596 2767 1700 2799 cum
1732 2752 1791 2797 ab
1826 2749 2020 2810 Episco-

70 2813 145 2875 pis
164 2813 361 2865 Nolani-s
383 2851 396 2869 ,
430 2817 591 2879 quibus
622 2815 887 2879 impossibile
924 2829 1019 2863 erat
1051 2818 1116 2864 ob
1145 2818 1370 2878 angustias
1405 2817 1609 2866 omnium
1645 2828 1795 2862 rerum
1831 2813 2020 2875 obsequi

71 2876 281 2925 Decreto
303 2878 787 2941 Tridentinierigendo
811 2880 1104 2931 parochiam,
1155 2881 1385 2943 delegatus
1421 2892 1595 2927 tantum
1628 2876 1761 2927 fuer-it
1796 2875 1855 2925 ad
1886 2891 2020 2925 exer-

70 2939 259 2987 cendam
277 2957 428 2990 curam
446 2943 623 2989 illarum
638 2941 903 2992 Animarum
924 2979 936 2997 ‚
967 2959 1065 3004 quae,
1083 2942 1159 3003 ipfi
1180 2979 1191 2995 ,
1229 2944 1296 2990 uti
1315 2944 1525 2993 viciniori
1547 2939 1836 2989 commendat
1847 2955 1878 2985 ,ε
1901 2940 2010 2986 fue-

70 3015 210 3055 runt,
239 3017 288 3051 ut
308 3006 451 3066 liquet
469 3020 524 3052 ex
541 3004 750 3065 responso
771 3005 1006 3065 Episcopi,
1045 3006 1350 3069 Capitulique
1374 3006 1545 3053 Nolani
1574 3006 1684 3051 dato
1720 3016 1838 3049 anno
1880 3013 2020 3062 1653.

68 3063 125 3108 ild
142 3066 320 3115 Sacram
339 3069 752 3130 Congregationem
775 3068 1096 3129 Ep-iscoporum
1113 3106 1124 3118 ,
1163 3071 1203 3115 &
1227 3069 1529 3131 Regularium
1553 3066 1772 3128 Negociis
1799 3103 1804 3107 .
1824 3065 1867 3112 &
1885 3064 2017 3112 Con·-

65 3125 387 3193 sultationibus
403 3130 677 3192 p-r-aepofitam
696 3164 709 3183 ,
747 3130 865 3177 itaut
883 3146 1037 3177 omnes
1055 3133 1176 3178 actus
1197 3129 1305 3179 faui
1325 3149 1348 3178 a
1374 3132 1582 3179 Parochis
1627 3126 1789 3176 Turris
1811 3129 2016 3174 Annun-

63 3201 195 3236 ciatae
215 3193 392 3239 nullum
411 3193 467 3240 iis
482 3196 586 3240 dare
603 3195 832 3254 potuerint
851 3195 924 3249 Jus
942 3193 1206 3244 Parochiale
1226 3231 1238 3249 ,
1270 3209 1371 3242 cum
1405 3194 1507 3241 facti
1546 3191 1719 3238 fuerint
1761 3190 1856 3245 iure
1875 3204 2010 3238 com-

64 3253 369 3320 menda-tionis
392 3290 406 3309 ‚
431 3256 794 3318 &delegationis
812 3255 991 3318 semper
1012 3292 1024 3309 ,
1058 3259 1099 3304 ὅν·
1120 3260 1490 3319 quandocumque
1527 3254 1709 3315 impleri
1742 3251 1881 3315 poffet
1904 3251 2018 3300 Tria

60 3310 234 3361 demini
262 3318 518 3364 Decretum
538 3354 551 3371 ,
584 3319 855 3366 revocabilis
879 3323 933 3366 ab
955 3319 1184 3380 Episcopis
1205 3320 1396 3367 Nolanis
1419 3351 1434 3368 .
1770 3362 1773 3365 .
1999 3329 2003 3333 '

0 3371 136 3434 Qod
153 3376 183 3428 si
199 3379 338 3427 etiam
380 3381 476 3428 dici
497 3380 639 3444 posset
657 3381 880 3431 Parocnos
898 3380 1067 3430 Turris
1087 3384 1395 3430 Annunciatae
1415 3385 1481 3438 ius
1505 3380 1767 3430 Parochiale
1781 3380 2014 3441 acquirere

55 3438 270 3499 potuisse,
303 3444 344 3489 δι
365 3444 596 3503 habendos
612 3442 696 3491 esse
715 3459 799 3505 pro
817 3446 934 3492 veris
965 3479 979 3496 ,
1016 3446 1057 3491 δι
1078 3447 1273 3507 propriis
1290 3445 1500 3494 Parochis
1539 3442 1769 3491 latifundii
1803 3446 1848 3490 di
1885 3445 2015 3500 hosca

55 3503 211 3570 lif-ale.
221 3504 390 3567 semper
413 3519 562 3554 tamen
578 3507 972 3558 dismembrationi
996 3508 1153 3554 locum
1165 3508 1250 3556 effe
1268 3511 1426 3555 debere
1444 3509 1502 3554 ob
1522 3520 1734 3569 magnam
1751 3506 2013 3555 distantiam

54 3576 253 3624 quinque
269 3567 490 3630 Pagorum
511 3572 567 3618 ab
586 3569 781 3618 Ecclesia
801 3569 1057 3616 parochiali
1078 3569 1242 3618 Turris
1263 3574 1569 3618 Annunciatae
1590 3605 1602 3622 ,
1633 3584 1893 3634 magnoque
1933 3568 2014 3614 Pa-

51 3625 371 3677 rochianorum
390 3632 678 3680 incommodo
699 3634 779 3696 qui
817 3635 882 3680 ob
916 3633 1116 3678 eamdem
1152 3633 1408 3686 distantiam
1438 3633 1495 3681 ad
1529 3632 1728 3685 eamdem
1766 3629 2012 3680 Ecclesiam

51 3686 364 3740 Parochialem
377 3709 468 3742 non
508 3699 727 3745 accedunt
749 3730 762 3750 ‚
797 3697 839 3744 &
872 3710 930 3744 ex
966 3699 1124 3744 eadem
1154 3698 1396 3751 distantia,
1428 3711 1684 3761 magnoque
1720 3696 2010 3746 incommodo

116 3757 374 3806 Tem.XXH.
1255 3762 1303 3808 A
1335 3773 1364 3807 2
1902 3769 2012 3809 eve,
