2571 3961
97 243 710 309 C‘onstantinopolitanae·‚
748 241 884 306 quod
909 242 977 293 est
999 241 1125 293 intra
1143 239 1361 293 Claustra
1395 238 1614 303 ejusdem
1639 239 1898 293 Monaste-

111 317 178 369 rii
203 352 218 365 .
251 314 331 366 De
358 317 555 380 reliquo
575 314 742 373 pretio
759 312 826 364 ita
843 310 1215 374 disposuerunt:
1250 317 1326 365 Ed
1346 314 1389 360 il
1402 316 1671 362 rimanente
1695 312 1745 360 di
1766 314 1893 363 detto

99 402 276 456 prezzo
312 392 529 452 vogliono
568 388 676 442 &a
712 380 797 449 effe
827 384 1031 449 Signore
1072 384 1258 434 Sorelle
1277 418 1291 438 ‚
1330 383 1415 432 che
1446 383 1574 432 detto
1595 380 1889 443 Illustriffimo

107 458 309 520 Vefiovo
329 462 376 506 di
400 456 530 524 Seffa
549 456 956 520 debbaspenderlo
984 490 998 511 ‚
1039 457 1100 504 ed
1112 456 1389 518 impiegarlo
1407 467 1492 519 per
1530 453 1748 515 maggior
1772 455 1892 513 ser-

107 529 241 577 vizio
265 560 278 582 ‚
315 530 475 578 decoro
499 563 512 584 ,
530 528 589 574 ed
610 539 886 574 ornamento
902 527 953 572 di
973 525 1113 573 detta
1134 524 1290 573 Beata
1315 525 1522 587 Vergine
1542 524 1620 571 del
1640 521 1888 578 Carmine,

108 616 133 647 e
138 599 236 660 sua
267 595 446 659 Chiesa
465 601 515 647 di
533 598 667 645 decta
689 593 831 644 Circo
856 594 930 643 col
938 606 1114 657 parere
1133 625 1146 647 ‚
1188 611 1214 643 e
1238 595 1449 656 constglio
1483 595 1562 640 del
1598 591 1660 639 P.
1679 588 1854 640 Priore
1871 623 1888 647 ‚

108 686 134 718 e
153 666 411 725 Padri‚che
436 666 639 728 allorasi
653 679 937 715 troveranno
955 665 1008 712 in
1028 661 1475 728 d.Ven.M0nastero
1493 684 1542 696 --
1567 660 1890 723 Adjacerunt

108 735 326 800 denique
344 773 358 794 ‚
396 748 449 788 ut
472 737 520 787 in
562 734 826 798 emptione
866 736 1120 782 bonorum
1161 729 1516 797 consanguinei
1534 727 1891 792 praeferrentur

110 804 189 857 his
207 807 367 857 verbis
389 831 431 846 --
454 807 571 856 Item
589 803 811 868 vogliono
829 838 847 864 ‚
879 822 904 854 e
926 803 1204 868 dssoongono
1223 800 1308 868 effe
1324 803 1528 868 signore
1548 799 1734 851 Sorelle
1755 833 1771 859 ‚
1808 798 1893 848 che

113 877 195 926 nel
218 888 367 942 tempo
384 911 398 933 ‚
439 879 520 926 che
537 875 646 938 dopo
666 874 717 923 la
736 885 885 922 morte
904 875 956 920 di
973 871 1059 938 effe
1069 874 1117 935 st
1129 872 1279 923 dovre
1286 873 1538 939 procedere
1563 880 1654 933 per
1673 870 1801 916 detto
1822 866 1892 913 Il-

112 945 353 1013 lustriffimo
375 942 651 1009 Monstgnor
671 941 871 1007 Waescovo
910 944 1009 992 alla
1041 945 1245 993 vendita
1285 946 1401 995 delli
1421 941 1533 990 beni
1542 950 1635 1004 per
1655 940 1895 1002 adempire

118 1016 161 1065 le
177 1030 435 1065 accennare
456 1015 748 1081 dq'fpofizioni
767 1051 781 1074 ‚
819 1012 1134 1074 ritrovandost
1162 1015 1259 1064 loro
1296 1011 1538 1080 congionti
1558 1043 1571 1065 ‚
1605 1027 1629 1058 ο
1659 1022 1749 1076 per
1777 1023 1894 1056 con-

98 1082 388 1148 sanguinit&
414 1119 427 1142 ,
465 1097 594 1149 oper
612 1081 799 1151 affinior>
804 1082 905 1145 sino
928 1085 981 1133 ol
995 1085 1168 1134 decimo
1177 1087 1332 1148 grado
1357 1120 1372 1141 ‚
1413 1084 1495 1131 che
1516 1075 1729 1143 voleſjero
1768 1093 1895 1126 com-

109 1166 251 1219 prare
272 1153 310 1201 li
331 1154 557 1216 medestmi
574 1156 695 1207 Bem'
717 1192 733 1217 ‚
770 1171 794 1202 o
814 1155 1014 1219 qualche
1049 1166 1180 1217 corpo
1213 1155 1265 1202 di
1283 1154 1432 1220 quelli
1450 1185 1462 1207 ‚
1501 1150 1713 1199 debbano
1748 1143 1888 1213 effere

106 1223 332 1289 preferiti
342 1237 434 1290 per
456 1226 488 1281 ζ’
507 1221 649 1290 istesso
662 1238 833 1291 prezzo
855 1260 871 1286 ‚
907 1225 1042 1286 chesi
1054 1238 1349 1275 troveranno
1369 1241 1398 1271 a
1423 1221 1629 1272 vendere
1663 1221 1728 1269 ad
1746 1217 1892 1283 estra-

113 1295 194 1341 nei
215 1324 231 1347 ‚
266 1295 412 1359 atteso
427 1294 525 1344 cosi
537 1294 561 1343 ἑ
579 1296 628 1342 la
645 1294 838 1343 volema
861 1293 917 1340 di
936 1296 1064 1345 dette
1082 1292 1285 1357 signore
1304 1293 1485 1343 Zitelle
1506 1323 1519 1339 .

41 1374 92 1430 D
112 1357 281 1413 eceffit
300 1365 467 1426 primo
483 1360 631 1415 soror
645 1359 814 1415 Maria
838 1361 988 1416 Anna
1008 1397 1024 1423 ,
1054 1361 1171 1415 inde
1189 1358 1320 1417 Rosa
1347 1361 1428 1427 die
1449 1380 1470 1426 3
1489 1378 1529 1410 ι.
1552 1355 1731 1409 Martii
1749 1348 1893 1419 supe·-

116 1432 255 1483 tiore
281 1448 413 1484 anno
443 1450 588 1499 1755.
609 1468 622 1490 ,
659 1433 704 1484 8<
728 1433 870 1483 Prior
910 1433 1310 1485 Carmelitarum
1333 1427 1467 1485 ratus
1502 1425 1885 1490 dispositionem

115 1502 357 1554 sororum
378 1503 475 1554 effe
498 1505 836 1556 donationem
858 1498 1193 1554 universatem
1232 1500 1407 1555 favore
1449 1496 1517 1550 sui
1554 1497 1849 1549 Conventus
1867 1530 1884 1554 ,

118 1569 264 1623 nullo
281 1587 338 1623 ex
360 1570 595 1624 inter-effe
617 1574 912 1625 habentibus
938 1574 1095 1624 citato
1114 1608 1130 1632 ,
1168 1571 1370 1638 ipsoque
1388 1564 1633 1635 Episcopo
1668 1579 1888 1629 exequu-

118 1652 229 1693 tore
249 1643 526 1707 posthabito
550 1677 565 1702 ‚
602 1643 781 1708 duplex
802 1643 852 1693 in
876 1643 1030 1694 Curia
1049 1641 1197 1695 Laica
1216 1643 1394 1694 Sveffae
1432 1640 1711 1692 Decretum
1748 1635 1888 1686 obti-

118 1709 224 1762 nuit
247 1744 261 1769 ‚
305 1710 529 1765 alterum
551 1748 566 1770 ‚
603 1729 705 1778 quo
726 1714 854 1762 bona
875 1713 1049 1778 omnia
1066 1713 1317 1764 Sororum
1343 1747 1357 1769 ‚
1383 1707 1607 1764 dedueiis
1621 1704 1886 1759 oneribus,

118 1779 413 1835 Conventui
447 1781 888 1846 adjudicabantur:
925 1781 1142 1834 alterum
1182 1799 1285 1849 quo
1318 1782 1457 1835 idem
1479 1779 1774 1831 Conventus
1796 1775 1892 1826 in..

118 1850 426 1920 eorumdem
458 1855 713 1905 bonorum
756 1849 1099 1915 possessionem
1134 1851 1509 1904 immittebatur
1533 1882 1547 1897 .
1579 1845 1671 1897 Sed
1689 1838 1915 1909 Episc0⁴‚

119 1935 209 1984 pus
234 1956 248 1977 ‚
289 1920 580 1975 instantibus
603 1923 912 1975 Promotore
935 1918 1105 1976 Fiscali
1127 1953 1142 1975 ‚
1180 1923 1467 1974 OEconomo
1503 1913 1753 1980 Cappellae
1793 1913 1892 1965 Ca-

125 1989 363 2042 thedralis
385 2026 399 2049 ‚
438 1991 484 2044 8(
511 1991 988 2045 Sanfflmonialibus
1006 1989 1189 2043 Sanftae
1209 1993 1372 2044 Annae
1389 1985 1683 2053 exequendo
1707 1981 1892 2036 volun-

123 2070 282 2128 tatem
304 2059 549 2114 Sororum
573 2096 589 2121 ,
622 2061 786 2114 citatis
805 2062 1033 2114 Patribus
1049 2060 1343 2114 Carmelitis
1361 2095 1374 2119 ‚
1412 2061 1759 2112 OEconomum
1797 2053 1891 2129 de-

120 2131 320 2196 putavit
342 2167 357 2192 ,
395 2135 480 2197 qui
506 2136 638 2185 bona
658 2131 862 2183 interim
885 2131 1286 2189 administraret,
1327 2129 1661 2193 praecepitque
1678 2121 1894 2177 colonis,

122 2215 184 2250 ne
203 2199 350 2250 alteri
387 2218 534 2266 quam
555 2203 844 2257 (Economo
878 2199 1170 2261 solverent,
1215 2193 1437 2264 duosque
1467 2195 1663 2247 Peritos
1701 2191 1892 2258 elegit,

124 2267 213 2332 qui
237 2269 362 2320 bona
381 2272 677 2324 aestimarent
699 2305 712 2329 ,
734 2270 854 2322 licet
872 2270 1129 2323 aestimatio
1151 2309 1168 2335 ‚
1190 2269 1561 2334 impedimento
1576 2261 1893 2317 Peritorum2

121 2339 236 2389 fie“i
257 2356 356 2390 non
385 2340 606 2406 potuerit
627 2379 641 2394 .
677 2340 822 2393 Prior
841 2336 1011 2393 autem
1033 2374 1046 2396 ‚
1089 2338 1132 2392 8(
1153 2339 1449 2392 Carmelitae
1473 2371 1488 2395 ‚
1521 2334 1605 2398 qui
1625 2334 1694 2384 his
1716 2330 1892 2382 omni·

124 2410 212 2459 bus
230 2408 527 2472 consensum
554 2412 877 2476 praestiterant
905 2449 920 2475 ‚
956 2424 1127 2475 preces
1147 2409 1297 2460 Sacro
1320 2406 1437 2459 huic
1455 2400 1718 2458 Tribunali
1739 2404 1891 2452 obtu-

125 2477 330 2534 lerunt,
364 2485 547 2545 quibus
568 2481 880 2546 postulabant
902 2513 918 2534 2
953 2491 1009 2530 ut
1028 2475 1253 2530 dedufilis
1291 2476 1466 2542 legatis
1501 2471 1749 2538 Gappetlae
1781 2469 1889 2520 Ca-

126 2547 363 2601 thedralis
396 2585 410 2609 ‚
450 2552 495 2602 8(
514 2548 987 2602 δεηξὶίωοιιίειῐὶωῃ
1007 2548 1057 2599 S.
1073 2546 1238 2599 Annae
1256 2582 1270 2605 ‚
1309 2547 1445 2601 Bona
1462 2544 1638 2596 omnia
1661 2538 1892 2592 Ecclefiae

124 2632 310 2669 eorum
345 2617 636 2671 Conventus
667 2622 1061 2683 applicarenturz,
1096 2616 1222 2670 nulli
1252 2616 1495 2681 siquidem
1521 2612 1893 2664 detrimentum

126 2683 303 2737 inferri
328 2690 562 2741 dicebant
588 2724 602 2746 ‚
639 2690 672 2738 fi
695 2688 831 2742 Bona
854 2703 958 2739 non
975 2686 1325 2740 alienarentur
1343 2721 1357 2743 ‚
1395 2697 1450 2737 ut
1482 2685 1689 2735 Sorores
1725 2672 1894 2742 dispo·

127 2752 326 2809 fuerant
347 2794 362 2810 .
399 2758 778 2814 Auditoautem
801 2794 815 2816 ‚
845 2771 899 2810 ut
921 2758 1081 2811 moris
1104 2757 1173 2809 est
1189 2791 1202 2812 ‚
1224 2757 1490 2822 Episcopo,
1523 2761 1891 2816 compertoque

126 2824 445 2879 detrimento
463 2864 477 2886 ,
519 2826 915 2881 Eminentiffimi
935 2826 1103 2880 Patres
1122 2823 1475 2891 rescripserunt
1495 2853 1549 2864 --
1571 2824 1762 2872 Leffi'um
1782 2856 1799 2881 ,
1835 2819 1898 2872 ὠ·

128 2897 381 2965 Episcopus
419 2913 557 2950 caret
588 2902 952 2966 exequutionem
989 2900 1264 2948 voluntatis
1306 2897 1671 2963 Testatricinm.:
1711 2888 1899 2941 oblatis

130 2980 259 3015 vero
281 2984 306 3018 a
328 2968 621 3022 Carmentis
658 2973 806 3022 novis
830 2967 1060 3032 precibus
1081 3000 1096 3022 ‚
1138 2961 1435 3028 rescriptum
1455 2963 1548 3018 suit
1567 3003 1583 3027 ‚
1617 2960 1902 3026 utsuajura

126 3039 444 3103 producerent
463 3042 690 3104 adversus
708 3041 927 3107 Episcopi
961 3041 1342 3104 informationem
1363 3071 1377 3094 ,
1422 3037 1605 3086 auditis
1625 3034 1772 3083 etiam
1797 3042 1903 3075 con-

115 3107 399 3171 sanguineis
416 3111 639 3160 Sororum
660 3112 714 3159 de
733 3110 934 3160 Zitellis
955 3143 970 3158 .

64 3174 416 3238 Negiexerunt
440 3179 607 3230 Patres
633 3180 680 3229 id
703 3217 717 3235 ,
751 3179 888 3245 qnod
928 3177 1106 3237 jussum
1154 3170 1353 3238 fuerat',
1387 3174 1606 3236 implere
1635 3207 1650 3228 ‚
1687 3168 1905 3237 idCOQQC

134 3241 431 3310 Episcopus,
467 3246 726 3311 lapfisjam
751 3261 967 3315 quatuor
985 3249 1236 3299 mensibus
1262 3245 1568 3305 ‚'mandavit
1605 3241 1740 3292 Bana
1778 3236 1907 3311 aetsti-

139 3317 310 3367 maria
331 3318 535 3372 Peritisz
572 3316 797 3369 sednihil
841 3317 1012 3369 astum
1051 3319 1119 3368 est
1155 3331 1181 3365 a
1201 3315 1429 3368 Patribus
1451 3314 1511 3366 ad
1536 3305 1907 3383 Metropohta·

77 3402 89 3415 ·
137 3399 253 3435 num
276 3420 289 3443 ‚
330 3386 445 3437 inde
463 3388 522 3438 ad
541 3391 638 3440 hoc
656 3386 864 3440 Sacrum
901 3386 1147 3439 Tribunal
1167 3383 1614 3452 confugientibuS,
1652 3394 1790 3429 novae
1812 3385 1908 3451 ite-

139 3467 260 3502 rum·
292 3455 416 3507 datae
455 3453 663 3510 fuerunt
696 3458 756 3510 ad
793 3453 1098 3523 Episcopum
1121 3455 1332 3512 Literae,
1376 3469 1403 3502 a
1427 3469 1528 3516 quo
1563 3450 1787 3515 praefixus
1810 3441 1908 3497 fuit

136 3518 514 3590 ‚consanguineis
536 3562 550 3583 ‚
586 3528 630 3580 8(
652 3527 881 3579 affinibus
904 3527 1147 3578 Sororum
1183 3525 1369 3577 termiu
1385 3539 1438 3573 us
1488 3539 1570 3573 20.
1612 3517 1807 3570 dierum
1851 3510 1912 3565 ad

140 3594 248 3657 jura
267 3591 342 3643 sua
359 3596 643 3651 deducenda
666 3635 680 3650 .
716 3596 787 3649 Ex
811 3600 887 3650 his
909 3598 1010 3648 duo
1031 3597 1268 3648 haetenus
1290 3591 1388 3645 sese
1419 3592 1653 3644 Patribus
1669 3582 1918 3642 Carmeli-

212 3662 514 3719 Tum-X.YV·
1067 3666 1085 3719 Ι
1128 3683 1150 3732 3
1856 3655 1921 3704 tis
