2571 3961
194 211 390 266 &effla-c·
411 209 470 254 ιιι·

195 268 242 306 de
252 265 325 320 refi

671 212 1041 271 ECINETEN.
1083 211 1373 273 SERVITH
1400 212 1650 270 CHORii
1685 215 1827 269 Cum'
1857 215 1974 269 ante
2009 216 2194 272 annum'
2228 217 2380 271 1621]

687 285 976 353 Dignitates
997 326 1014 349 ‚
1034 289 1083 340 &
1098 289 1344 343 Canonici
1364 285 1683 340 Gathedralis
1705 286 1933 338 Ecciefiae
1955 287 2177 345 Recineti
2194 287 2373 339 Cho‘ro

597 353 896 420 Divinisque
928 355 1129 409 Officiis
1163 355 1394 408 interesse
1428 355 1739 422 negligerent
1771 357 1839 411 ob
1876 356 2175 407 tenuitatem
2214 355 2384 408 reddi·

601 438 747 479 tuum
768 461 785 486 ‚
815 424 1094 479 Cardinalis
1118 425 1282 479 Roma
1306 460 1320 484 ‚
1344 422 1429 490 qui
1451 424 1677 477 Ecciefiae
1701 422 1772 474 ilii
1795 435 1998 490 praeerat
2018 439 2378 489 omnem-ope-

597 510 713 548 ram
730 489 866 548 suam
885 493 1200 551 collocavit,
1228 507 1283 548 nt
1306 503 1516 559 quatuor
1531 492 1770 545 Sodalitia
1792 529 1806 552 ‚
1840 509 1945 557 quae
1965 491 2189 556 plurium
2211 491 2373 551 Bene-

595 565 837 618 ficiorum
857 561 1196 617 Patronatum
1213 566 1464 618 habebant
1485 601 1503 627 ‚
1539 580 1640 615 non
1659 562 1788 614 alios
1820 564 1878 615 ad
1914 578 1973 613 ea
2018 559 2378 627 praesentarent

597 649 747 701 quam
768 633 1064 700 Dignitates
1082 672 1101 699 ‚
1133 639 1183 688 ὅ(
1203 633 1493 688 Canonicos
1511 668 1525 692 ‚
1562 646 1710 698 atque
1734 633 1800 684 ita
1820 633 2029 696 publicis
2064 632 2243 684 tabulis
2277 632 2380 683 set-

599 717 718 757 vare
756 701 1133 769 spoponderunt
1155 738 1172 764 ,
1205 707 1382 758 statuta
1414 704 1716 756 eorumdem
1759 701 2177 763 Canonicorum,
2213 701 2259 752 &
2282 701 2379 754 Di-

593 772 847 841 gnitatum
882 788 1049 828 annua
1065 774 1370 840 ‘provisione
1403 807 1417 831 ‚
1449 773 1511 824 ad
1544 789 1690 837 quam
1722 769 1907 824 fructus
1945 769 2378 824 conferendorum

596 842 970 896 Beneficiorum
1003 842 1268 908 pervenire
1287 843 1532 910 deberent
1558 879 1572 892 .
1601 842 1938 895 constitutum
1975 843 2142 908 itaque
2163 839 2288 900 fuit,
2324 851 2379 890 ut

595 912 883 979 Dignitates
909 948 924 972 ,
961 915 1010 966 ὃ(
1031 910 1277 964 Canonici
1300 923 1377 966 tot
1397 911 1645 963 Beneficia
1662 913 1840 962 habere
1861 912 2051 975 poffent
2071 947 2086 970 ‚
2125 922 2251 977 quot
2273 908 2384 962 red-

595 983 782 1047 derent?
815 998 975 1034 annua
1015 978 1298 1045 scut.130.‚
1340 996 1444 1032 non
1480 992 1648 1032 tamen
1674 981 1840 1032 minus
1875 981 2156 1045 scut.100.‚
2197 979 2380 1039 &ideo

594 1051 826 1114 permissa
845 1048 941 1104 fuit
959 1052 1143 1105 divifio
1165 1051 1546 1105 Beneficiorum
1566 1085 1581 1108 ‚
1613 1065 1718 1114 quae
1739 1048 2002 1103 redditum
2039 1067 2259 1103 annuum
2298 1052 2383 1100 ha-

600 1120 777 1173 berent
799 1117 1054 1174 scut.200.
1088 1121 1221 1174 Data
1243 1137 1445 1188 quoque
1465 1118 1560 1172 fuit
1577 1118 1720 1184 optio
1750 1120 1813 1170 ad
1831 1118 2080 1173 Beneficia
2102 1119 2380 1186 pinguioris

600 1190 827 1244 redditus
851 1229 867 1254 ,
901 1187 1109 1244 dimiffis
1140 1191 1485 1245 tenuvioribus
1507 1225 1521 1247 ‚
1561 1201 1616 1242 ut
1635 1191 1702 1241 ita
1729 1204 1892 1241 annua
1927 1187 2176 1242 scutaOO.
2197 1186 2378 1251 conse-

599 1261 681 1323 qui
701 1261 894 1325 poffent
919 1279 930 1315 ε
969 1259 1143 1326 Atque
1165 1262 1457 1314 haecomnia
1476 1257 1709 1322 probavit
1731 1291 1745 1315 ‚
1783 1261 1830 1312 &
1850 1259 2184 1312 confirmavit
2211 1259 2380 1310 Urba-

593 1347 685 1383 nus
705 1328 1093 1386 VIILPontifex
1115 1330 1371 1384 Maximus
1391 1367 1406 1382 .
1450 1329 1583 1382 Hinc
1600 1327 1772 1381 evenit
1793 1364 1808 1385 ‚
1845 1326 2016 1393 utdisp
2034 1345 2087 1382 ar
2124 1327 2243 1379 effet
2277 1328 2374 1379 Di-

593 1401 852 1466 gnitatum
875 1436 890 1460 ‚
924 1400 971 1453 81
989 1399 1372 1455 canonicorum
1396 1399 1621 1451 conditio
1641 1434 1655 1457 ‚
1693 1397 1736 1451 8(
1759 1399 2003 1465 inaequale
2033 1399 2188 1452 Chori
2223 1397 2379 1450 servi·-

592 1472 723 1523 tium
749 1488 766 1528 ;
805 1470 1041 1537 quienim
1060 1470 1253 1523 nullam
1277 1471 1459 1522 habent
1480 1469 1852 1522 Beneficiorum
1876 1468 2222 1532 provisionem
2261 1467 2372 1518 die-

592 1539 685 1592 bus
705 1541 967 1594 dumtaxat
986 1539 1198 1592 Domini
1219 1575 1234 1594 ,
1269 1539 1476 1604 aliisque
1506 1538 1655 1593 Pestis
1670 1539 1845 1592 Choro
1865 1533 2156 1602 Divitiisque
2176 1535 2377 1590 Officiis

596 1607 844 1662 intersunt
866 1625 882 1664 ς
917 1609 1149 1677 quivero
1170 1609 1436 1662 dimidiam
1459 1643 1475 1667 ‚
1509 1624 1688 1674 nempe
1708 1604 1926 1675 scut-50.
1944 1644 1960 1670 ,
1995 1610 2150 1662 etiam
2168 1607 2380 1660 Adven-

595 1691 678 1731 tus
701 1716 715 1739 ‚
755 1679 801 1733 8<
821 1679 1236 1747 Qadragefimae
1259 1677 1567 1744 temporibus
1587 1715 1603 1731 .

521 1748 800 1810 coadjutor
824 1752 868 1803 A
880 1750 1286 1817 rehipresbytero
1302 1747 1568 1801 Leonardo
1580 1747 1825 1802 Colieoni
1849 1749 2137 1812 Apostolica
2156 1746 2376 1801 auctori-

592 1830 697 1871 tate
733 1820 880 1873 datus
919 1817 1020 1874 fuit
1058 1836 1193 1873 anno
1225 1824 1374 1885 1738.
1414 1817 1652 1872 Clemens
1689 1818 1941 1870 Antonius
1983 1819 2139 1871 Politi
2180 1833 2372 1871 annum

594 1905 746 1956 agens
790 1894 904 1950 18.‚
940 1892 1023 1954 qui
1061 1891 1234 1942 omnia
1268 1893 1371 1941 haec
1415 1889 1651 1955 ignorans
1675 1928 1690 1953 ‚
1726 1889 1846 1940 licet
1879 1888 2035 1942 alium
2071 1891 2373 1941 nonhabeat

593 1958 884 2018 redditum,
920 1959 1071 2025 quarn
1107 1957 1263 2012 se.60.
1286 1990 1303 2014 ‚
1341 1958 1568 2025 quotidie
1611 1968 1783 2009 tamen
1820 1960 2034 2022 Chor0,
2074 1955 2369 2022 Divitiisque

591 2027 793 2082 Officiis
815 2027 1072 2083 interfuit.
1107 2029 1244 2081 Cum
1267 2044 1394 2080 vero
1415 2027 1523 2080 inde
1548 2029 1614 2079 ob
1639 2040 1863 2079 mortem
1886 2028 2268 2080 Canonicorum
2292 2043 2372 2078 re-

591 2095 836 2156 sciverit,
871 2101 920 2152 8<
936 2100 1196 2153 Urbanam
1214 2097 1641 2152 Constitutionem
1661 2133 1674 2155 ‚
1717 2099 1759 2147 ἃ
1778 2096 1857 2159 jus
1877 2099 2095 2162 optionis
2113 2133 2128 2155 ‚
2153 2096 2374 2155 curavit,

593 2179 651 2221 ut
673 2185 699 2220 a
718 2168 973 2220 Sodalitiis
991 2169 1050 2221 ad
1072 2167 1337 2232 pinguiora
1373 2168 1621 2220 Beneficia
1659 2163 2040 2232 praesentaretur
2060 2205 2073 2227 ,
2113 2166 2195 2220 sed
2217 2165 2374 2219 ceffe-

592 2248 709 2292 runt
729 2237 781 2290 in
799 2238 1003 2291 irritum
1038 2233 1234 2299 semel,
1268 2238 1318 2289 &
1351 2239 1459 2295 bis,
1499 2252 1617 2303 quas
1654 2236 1909 2298 obtinuit,
1941 2237 2373 2302 praesentationes,

593 2306 820 2360 &vitius
855 2303 953 2358 fuit
988 2308 1145 2359 etiam
1172 2306 1513 2367 judicialiter,
1540 2305 1755 2369 ideoque
1799 2307 1902 2369 post
1923 2318 1999 2359 tot
2019 2304 2374 2359 strvitiiannos
2404 2323 2411 2332 ··

593 2375 770 2430 videns
788 2373 838 2428 st:
859 2375 1131 2442 deceptum
1149 2371 1228 2439 spe
1246 2376 1508 2428 obtinendi
1525 2374 1776 2428 Beneficia
1795 2375 2034 2428 abstinere
2055 2376 2197 2441 caepit
2228 2393 2256 2427 a
2270 2372 2375 2426 ser·

592 2445 728 2499 vitio
746 2444 975 2499 Ecclefiae
993 2482 1008 2498 .
1047 2444 1375 2499 AtCanonici
1394 2461 1518 2498 eum
1538 2445 1699 2496 teneri
1720 2446 1780 2496 ad
1801 2442 2050 2503 fallentias
2092 2446 2372 2499 contende·

593 2518 743 2568 bant:
786 2511 1038 2579 Confugit
1077 2514 1230 2583 igitur
1263 2515 1323 2569 ad
1369 2518 1475 2578 hoc*
1500 2515 1705 2567 Sacrum
1730 2512 1971 2568 Tribunal
2008 2515 2249 2580 postulans
2269 2531 2374 2567 non

592 2585 761 2638 teneri
799 2585 890 2637 nisi
929 2583 1103 2639 diebus
1142 2584 1461 2654 Dominicis,
1488 2581 1692 2650 aliisque
1711 2585 1856 2636 Festis
1879 2620 1892 2643 ,
1934 2586 1983 2636 δε
2018 2598 2250 2649 ternpore
2267 2583 2378 2635 Ad-

594 2668 781 2710 ventus
806 2690 822 2716 ,
852 2655 902 2708 ὃς
927 2653 1333 2721 Quadragefimae
1353 2691 1369 2707 .
1391 2653 1611 2708 Auditus
1636 2655 1902 2720 Episcopus
1922 2650 2191 2707 secundum
2210 2655 2376 2708 Cano·

593 2725 739 2778 nicos
757 2721 1012 2786 respondit
1035 2724 1086 2776 in
1108 2723 1394 2790 poffefforio
1407 2723 1603 2780 Judicio
1624 2735 1637 2772 :
1675 2720 1755 2775 sed
1774 2725 2012 2789 quoniam
2047 2725 2248 2776 Sacrum
2268 2725 2370 2775 hoe

593 2794 848 2848 Tribunal
863 2792 1194 2847 Interdiffium
1212 2793 1444 2848 Praetoris
1463 2795 1777 2862 utipqffidetis
1798 2809 1900 2846 non
1919 2791 2140 2858 sequitur
2160 2828 2176 2850 ‚
2197 2793 2242 2844 &
2260 2808 2371 2844 rem

594 2866 775 2933 dejure
793 2859 1060 2933 cognoscit
1079 2899 1094 2923 ‚
1114 2880 1174 2916 ac
1189 2862 1363 2918 definit
1383 2902 1397 2925 ‚
1417 2863 1533 2917 ideo
1548 2899 1564 2924 ‚
1589 2865 1638 2914 in
1652 2863 1733 2927 jus
1752 2875 1928 2917 vocate
1943 2862 2183 2928 Capitulo
2201 2900 2217 2924 ‚
2235 2859 2374 2927 quod

594 2944 770 2986 tamen
790 2934 1022 2988 nondum
1047 2933 1190 2988 venit
1207 2969 1223 2993 ‚
1261 2930 1480 3001 disputat
1498 2948 1630 2987 nunc
1652 2935 2084 2998 Archipresbyter
2118 2933 2179 2983 ad
2198 2931 2374 2996 quoti-

592 3001 800 3056 dianum
823 3004 1080 3058 servitium
1099 3003 1217 3072 cogi
1242 3018 1343 3057 non
1360 3005 1493 3072 poffe
1524 3000 1723 3057 defeftu
1745 3003 1930 3070 integri
1973 3001 2191 3054 redditus
2211 3038 2226 3053 .
2253 3001 2375 3054 Duo

592 3071 750 3139 igitur
767 3073 933 3126 Dubia
954 3071 1066 3128 fiunt
1081 3072 1386 3141 expedienda
1412 3113 1428 3129 .

533 3142 577 3194 Ι.
616 3143 705 3194 An
722 3141 1128 3212 Archipresbyter
1162 3147 1369 3213 Ecclefiae
1408 3143 1716 3197 cathedralis
1735 3141 1954 3191 Recineti
1981 3153 2207 3193 teneatur
2225 3137 2376 3190 Chora

669 3214 897 3277 interesse
914 3214 1083 3262 diebus
1103 3226 1301 3266 tantum
1309 3216 1503 3283 festivis
1520 3217 1577 3263 de
1594 3210 1850 3283 Praecepcp‚
1871 3213 1932 3265 ὠ·
1951 3225 2151 3278 tempore
2167 3209 2377 3259 Adven-

666 3297 748 3333 tus
773 3320 789 3345 ,
828 3283 893 3339 &a
913 3282 1325 3352 Qadragqfimae?
1367 3285 1416 3336 δε
1436 3293 1674 3350 quatenus
1697 3278 1996 3330 affirmative
2017 3317 2030 3331 .

530 3346 596 3412 }1.
610 3345 699 3403 'An
723 3365 961 3405 teneatur
963 3353 1159 3417 solvere
1167 3355 1431 3419 fallentias
1441 3366 1527 3424 pro
1546 3362 1749 3418 tempose
1760 3361 1910 3417 prate
1918 3355 2013 3402 rito
2033 3356 2083 3400 in
2103 3349 2211 3417 cqsu
2231 3349 2339 3406 &c-

676 3487 847 3541 Dilata
863 3489 924 3545 ad
941 3488 1236 3561 sequentem
1254 3496 1271 3546 .'

2278 3625 2376 3680 Die
