2571 3961
1934 110 1990 150 23

63 170 487 222 tassscontrah'endi‘,
517 169 693 217 firmum
710 168 995 230 validumque
1014 165 1065 217 fit
1088 163 1426 215 matrimonium
1444 172 1549 211 ante
1580 162 1871 222 pubertatem
1887 174 1993 208 con-

72 236 295 284 ttaffiuin,
324 244 373 278 ut
399 232 496 279 sunt
515 232 810 295 cognitiiiima
829 233 934 287 Jura
961 236 1005 281 in
1027 243 1126 294 cap,
1161 228 1363 275 Puberes
1388 231 1438 275 de
1460 227 1665 288 Desponsl
1690 224 1857 286 Impub.
1885 257 1899 275 ,
1933 228 1993 271 &⁶

74 299 118 341 in
133 306 238 361 pap,
255 298 466 350 &armies
487 298 538 344 de
561 296 787 357 sponsal„
821 302 878 344 ἴαν
896 294 1156 340 matrimon.
1174 305 1263 339 non
1283 304 1394 338 vero
1414 291 1586 340 defeHu
1604 287 1852 345 consensis:
1871 287 1996 332 hunc

72 370 189 401 enim
208 354 422 403 defectum
441 357 639 404 excludit
658 356 823 405 saelum,
841 355 1084 405 Mariannae
1101 390 1114 408 ,
1146 370 1243 414 quae
1263 366 1423 400 contra
1437 351 1620 402 Patrem
1638 350 1757 397 hunc
1777 348 1997 394 desectum

71 429 305 478 ungentem
324 420 448 464 venit
479 421 522 464 in
557 421 631 475 Jus
654 454 667 472 ,
701 421 742 466 ὅι
764 417 945 480 piaesens
979 433 1127 467 coram
1155 415 1358 465 officiali
1386 431 1536 462 amore
1568 414 1783 468 constanti
1821 408 1998 465 adhaefit.

78 481 322 543 Theophili>
343 516 357 533 ,
390 488 446 530 Εἴ]
466 500 547 529 non
567 485 709 530 alteri
731 517 744 536 ,
781 487 838 531 ‘3²9‘
858 482 1061 542 astensum
1074 481 1323 544 perfellum
1344 491 1482 525 extra
1504 492 1673 528 omnem
1693 485 1858 521 metum
1870 472 1996 534 [1οῇ-

76 554 124 609 tq
140 542 342 609 fortiter·
359 543 501 594 libere
526 547 777 593 reiteravit
792 577 806 595 ,
841 543 955 590 itaut
973 556 1132 595 contra
1147 544 1264 590 hunc
1283 537 1498 586 defectum
1517 549 1684 599 pugnet
1699 534 1905 583 confessio
1918 533 1998 588 Ju-

75 606 247 651 dicialis
271 604 398 664 ipsius
432 606 715 660 Mariannae,
749 619 815 653 res
840 606 1073 664 judicata,
1101 607 1142 653 &
1179 603 1339 653 fastum
1372 603 1680 648 renovationis
1714 593 1997 645 Matrimonii

73 681 176 712 cum
199 666 434 734 successiva
451 685 532 732 per
555 684 692 716 annos
708 666 941 716 duodecim
961 668 1194 714 individua
1219 666 1325 713 vitae
1344 664 1661 714 consuetudine
1689 660 1780 713 fine
1813 659 1904 711 ulla
1925 673 1999 706 te-

74 730 343 798 clamatione
366 762 378 781 ‚
405 731 632 791 postquam
653 731 710 780 ad
744 732 921 789 plenam
947 731 1223 790 pubertatem
1247 727 1450 785 pervenit
1469 757 1484 775 ..

15 792 68 841 ln
88 791 157 840 his
177 802 312 860 igitur
329 807 472 840 retum
504 793 848 842 circumstantiis
881 793 1179 853 despiciendos
1198 789 1283 837 esse
1313 786 1555 837 contendit
1586 785 1882 848 Theophilus
1904 782 2001 830 Te-

77 855 158 903 stes
183 890 194 906 ,
229 869 306 916 qui
327 856 523 903 articulis
542 872 565 901 a
585 855 831 907 Marianna
849 855 990 903 editis
1008 856 1325 915 responderunt
1343 887 1356 905 ,
1391 864 1484 897 tum
1500 854 1556 898 ob
1572 851 1861 911 exceptiones
1891 862 2000 907 per-

75 917 251 964 sonales
273 953 284 971 ‚
324 935 432 981 quas
450 921 683 981 patiuntur
702 953 715 971 ,
753 932 849 965 ium
875 919 978 980 quia
1003 954 1016 971 ‚
1048 915 1220 966 etiamsi
1237 930 1327 963 uno
1356 912 1568 965 consensu
1603 927 1762 962 omnes
1794 910 2002 961 dicerent

76 995 184 1041 vera
204 976 289 1028 esse
310 1015 322 1031 ‚
351 998 444 1042 quae
468 983 511 1027 in
534 982 741 1031 articulis
759 982 884 1034 sunt,
909 997 998 1027 non
1014 992 1163 1029 tamen
1188 979 1477 1027 evinceretur
1513 975 1800 1026 Mariannam
1817 972 1864 1019 vi
1900 986 2000 1016 me·-
2063 1022 2069 1027 ,

74 1056 214 1104 nique
231 1045 286 1088 ab
313 1044 435 1090 Avia
457 1044 599 1092 illatis
617 1047 816 1091 coaciam
837 1043 962 1093 fuiss'e
980 1043 1328 1093 Matrimonium
1357 1038 1623 1088 contrahere
1642 1051 1744 1083 cum
1768 1034 2001 1093 Theophi—

76 1106 124 1152 10
139 1140 152 1159 ³
187 1121 291 1152 nam
309 1107 350 1155 ὃ(
372 1119 527 1157 tenera
546 1120 650 1154 retas
665 1107 829 1154 Puellae
852 1142 864 1159 ,
898 1110 940 1155 &
959 1103 1253 1167 persuasiones
1275 1104 1411 1150 Aviae
1439 1103 1491 1148 ad
1520 1096 1862 1152 matrimonium
1897 1111 2003 1151 cum

75 1167 345 1228 Theophilo
371 1171 753 1222 contrahendum,
787 1170 994 1217 &inanis
1014 1168 1235 1230 suggestio
1268 1165 1387 1222 ejusd
1420 1179 1463 1209 m
1489 1166 1649 1216 Aviae,
1683 1175 1735 1208 ut
1756 1197 1769 1218 ,
1803 1158 1880 1207 nist
1899 1173 2004 1205 ma—

75 1231 337 1279 trimonium
357 1232 593 1281 Marianna
616 1232 904 1279 contraheret
921 1268 934 1285 ,
952 1234 1140 1281 Patruus
1171 1229 1362 1276 tutelam,
1390 1225 1638 1286 suscepisset
1662 1260 1675 1279 ,
1707 1227 1749 1273 &
1770 1238 1867 1268 eam
1890 1236 2003 1284 per·

73 1293 469 1364 petuo-reclusisset
503 1296 550 1341 in*
570 1294 847 1344 Monasterio
866 1327 879 1346 ‚
913 1311 1009 1342 eam
1037 1295 1129 1343 vim
1157 1307 1248 1341 non
1267 1292 1461 1342 habent,
1495 1304 1591 1349 quse
1612 1288 1716 1335 satis
1741 1283 1828 1335 effe
1845 1284 2002 1344 poilint

72 1359 124 1404 ad
145 1358 414 1405 irritandum
435 1356 786 1406 Matrimonium
819 1368 1044 1418 tamquam
1062 1372 1115 1401 ex
1151 1356 1230 1406 vi,
1264 1356 1308 1401 &
1345 1365 1489 1401 metus
1526 1349 1655 1397 causa
1687 1349 1967 1397 contractum
1987 1363 2009 1395 zi

71 1420 142 1488 send
163 1435 304 1482 neque
325 1419 434 1467 facta
457 1421 549 1467 haec
567 1422 624 1468 ab
644 1419 766 1467 Avia
785 1423 1030 1479 probantur
1051 1418 1185 1466 dietis
1211 1415 1409 1468 Testium
1428 1450 1441 1468 ‚
1475 1415 1516 1461 &
1552 1413 1652 1459 satis
1683 1411 1907 1458 evincitur
1927 1408 2001 1454 ni·

72 1483 136 1530 hil
160 1484 319 1530 horum
338 1482 472 1545 egisse
511 1483 683 1531 Avia‘m
701 1498 754 1529 eit
774 1482 892 1534 facto
909 1482 1035 1544 ipsius
1054 1479 1302 1528 Mariannae
1320 1511 1333 1528 ‚
1368 1493 1461 1537 quae
1480 1475 1510 1521 si
1531 1491 1635 1522 vere
1665 1475 1815 1522 adacta
1847 1469 2002 1518 fuiffet

72 1547 127 1592 ab
151 1546 271 1593 Avia
290 1546 348 1593 ad
365 1549 714 1595 contrahendum
734 1546 1079 1595 Matrimonium
1099 1558 1199 1601 cum
1222 1541 1489 1602 Theophilo
1506 1573 1519 1589 ,
1551 1553 1642 1585 non
1663 1532 2001 1598 praetermisisset

73 1609 275 1656 oblatam
292 1627 316 1656 a
340 1609 502 1656 Patruo
521 1607 796 1656 occasionem
814 1609 1007 1655 dicendae
1027 1605 1251 1652 nullitatis,
1266 1603 1462 1658 eiusdem
1484 1601 1804 1650 Matrimonii,
1837 1608 1888 1642 ut
1907 1593 2001 1654 ipsa

71 1685 236 1719 contra
258 1670 553 1718 Matrimonii
579 1670 862 1718 validitatem
880 1672 1060 1730 praesens
1080 1670 1123 1714 in
1142 1669 1318 1724 Judicio
1350 1664 1550 1715 defendit
1573 1681 1583 1714 ;
1620 1666 1659 1710 ἃ
1684 1663 1796 1708 licet
1825 1660 2001 1712 dicatur

76 1733 329 1781 instruClam
352 1732 476 1780 fuisse
494 1737 548 1781 ab
579 1736 699 1781 Av'a
717 1734 784 1780 his
805 1768 817 1786 ,
849 1750 946 1790 quae
972 1731 1115 1788 Judici
1144 1730 1445 1789 interroganti
1465 1728 1725 1786 respondere
1741 1719 1964 1773 debuisset
1984 1752 2002 1774 ,

74 1813 164 1844 non
193 1811 343 1846 tamen
376 1797 567 1843 adstabat
602 1796 727 1842 lateri
756 1797 850 1853 eius
876 1790 994 1843 Avia
1026 1796 1069 1841 in
1110 1794 1274 1840 ludicro
1293 1824 1308 1841 ‚
1340 1803 1387 1840 ut
1419 1804 1511 1841 non,
1532 1787 1666 1846 posset
1695 1783 1960 1847 respondere
1984 1815 2000 1834 ,

73 1861 198 1908 secus
218 1876 267 1907 ac
291 1859 415 1908 Avia
439 1860 714 1910 difflaverau
746 1861 792 1907 Si
828 1859 1083 1909 consensum
1106 1855 1229 1907 suum
1255 1850 1557 1904 Matrimonio
1586 1866 1675 1896 non
1709 1842 1969 1908 praestitisset
1985 1878 2002 1897 ,

70 1925 219 1980 Judici
239 1924 534 1984 interroganti
556 1922 584 1968 l‹
603 1937 690 1985 nge
707 1923 795 1969 alia
824 1919 1109 1981 respondisset
1127 1918 1180 1962 ab
1214 1917 1267 1966 iis
1334 1931 1427 1976 quae
1449 1914 1569 1960 Avia
1603 1910 1838 1973 scripserat
1859 1909 1905 1952 in
1927 1908 2001 1953 in-

77 1986 348 2035 struClione·
383 1988 493 2032 Haec
528 1984 693 2031 suntin
729 1985 913 2041 Libello
949 1980 1227 2042 Theophili,
1257 1993 1398 2039 neque
1430 1993 1453 2023 a
1491 1978 1722 2033 Letfcnlme
1755 1975 2003 2018 Matrimo-

74 2053 173 2104 nii,
207 2065 350 2111 neque
371 2064 395 2096 a
435 2047 678 2099 Marianna
697 2083 712 2102 ,
745 2049 783 2096 ἃ
805 2047 973 2103 Joanne
1006 2043 1222 2092 Beaetkio
1250 2039 1421 2106 aliquid
1438 2039 1578 2095 adhuc
1595 2036 1859 2088 habuimus.
1895 2033 2000 2084 Du-
2059 2053 2064 2057 ·

73 2114 196 2160 bium
227 2115 289 2161 est
306 2145 321 2160 .
1172 2152 1176 2156 .

13 2186 92 2226 An
111 2177 273 2233 constet
291 2179 342 2226 de
371 2178 590 2226 nullitate
610 2178 901 2227 Matrimonii
924 2179 970 2224 in
998 2172 1098 2235 casu
1112 2175 1215 2221 &c-

68 2306 88 2339 4
139 2303 374 2368 Negative
390 2335 406 2352 .
450 2291 454 2294 .

13 2435 130 2546 U
158 2429 474 2479 RBANIEN.
503 2415 904 2480 ROGITUUM:
937 2431 1055 2477 Cum
1073 2428 1309 2475 Promotor
1328 2420 1511 2469 Fiscalis
1544 2416 1701 2465 Curiae
1726 2412 2007 2477 Episcopalis
2084 2402 2182 2464 Seff
2205 2413 2320 2455 22ss-
2345 2412 2404 2460 ιφ,

171 2494 388 2542 Urbaniae
411 2511 525 2542 anno
551 2508 663 2558 1729
699 2499 868 2543 nullam
893 2496 1159 2553 irritamque
1175 2489 1348 2535 diceret
1364 2482 1720 2531 nominationem
1741 2478 1798 2525 ad
1814 2476 2010 2537 Cappel—
2051 2470 2101 2521 de
2121 2466 2216 2530 Ref-

79 2559 245 2606 laniam
264 2556 420 2604 facian·
442 2574 466 2604 a
497 2559 639 2605 Clara
671 2557 921 2606 ULaldinia
952 2550 1292 2603 SanCtimoniali
1314 2582 1328 2599 ,
1355 2549 1461 2610 quia
1495 2545 1604 2591 faeta
1620 2540 1770 2590 fuisset
1787 2554 1866 2602 per
1900 2540 2014 2586 Acta

80 2620 266 2678 joannis
290 2621 460 2682 Angeli
482 2622 702 2668 Amatori
727 2625 926 2674 Notarii
946 2621 1103 2668 Laici,
1138 2611 1420 2662 contendens
1440 2605 1534 2653 fieri
1560 2602 1755 2652 debuisse
1786 2616 1866 2663 per
1902 2603 2016 2648 Acta

79 2684 367 2733 Cancellarii
388 2682 451 2743 Ε
476 2683 682 2745 iscopalis
704 2719 717 2737 ‚
745 2686 892 2730 delata
912 2681 997 2728 fuit
1031 2679 1124 2727 haec
1156 2671 1464 2724 controversia
1499 2665 2019 2738 adosspiscopalemssu-
2054 2684 2057 2686 >

80 2749 330 2799 dientiam‚
364 2763 460 2809 qua:
497 2746 735 2794 secundum
767 2746 1077 2793 Promotorem
1116 2741 1334 2792 iudicavit
1363 2765 1376 2780 .
1416 2737 1481 2781 At
1517 2731 1659 2779 dilata
1693 2727 2042 2793 appellationis,

80 2811 227 2860 Causa
247 2814 300 2858 ad
324 2809 481 2857 Eiiium
501 2810 754 2857 Dominum
776 2807 1067 2856 Cardinalem
1105 2800 1377 2850 Mesmerum
1398 2833 1409 2849 ,
1444 2796 1523 2858 qui
1556 2806 1664 2863 tun—c
1696 2793 1743 2838 in
1789 2789 2024 2857 sribunali

80 2875 128 2922 A
162 2874 220 2923 C.
243 2911 258 2929 ‚
294 2874 416 2924 foro
436 2872 654 2921 universo
673 2874 910 2933 plaudente
927 2903 942 2923 ,
974 2869 1050 2924 Jus
1071 2863 1284 2913 reddebat
1304 2899 1316 2917 ,
1345 2871 1563 2907 revocata
1580 2857 1668 2903 fuit
1686 2856 1917 2903 Sententia
1940 2851 2028 2899 Ur·

76 2938 338 2993 baniensis,⁴
373 2941 414 2986 &
447 2935 799 2999 pronunciatum
818 2934 905 2982 fuit
940 2934 1143 2980 validam
1181 2927 1259 2985 effe
1290 2925 1634 2972 nominatifflem
1662 2936 1721 2966 ex
1757 2921 1908 2977 rogita
1940 2921 2023 2983 ⁶20:

77 3004 254 3065 Angeli
272 3002 488 3050 ,Amatori
507 3030 521 3046 .
555 3002 682 3046 Hanc
705 2999 906 3046 eamdem
926 2989 1269 3043 controversiam
1284 2986 1507 3047 excitavit
1530 2995 1673 3047 nuper
1692 2977 2029 3048 ‘Cancellarius

80 3064 354 3128 Episcopalis
373 3063 578 3122 ejusdem
598 3061 754 3108 Curiae
775 3059 1048 3108 contendens
1064 3054 1143 3100 fibi
1166 3054 1399 3110 dumtaxat
1415 3045 1490 3101 Jus
1518 3043 1603 3115 esse
1621 3040 1858 3090 scribendi
1878 3055 2031 3088 omnia

79 3130 381 3177 Instrumenta
399 3162 412 3180 ‚
448 3125 737 3187 ‘fabulasque
758 3123 963 3187 publicas
984 3122 1198 3168 Actorum
1221 3113 1422 3159 omnium
1441 3144 1454 3161 ,
1486 3123 1562 3170 qui
1594 3105 1705 3154 fiant
1739 3107 1793 3152 ab
1815 3102 2032 3151 Ecclesia-

79 3192 203 3241 isticis
222 3226 236 3243 ‚
269 3193 311 3237 ἃ
334 3189 464 3236 Locis
481 3190 572 3235 Piis
591 3220 606 3239 2
633 3204 778 3248 neque
798 3187 942 3234 teneri
961 3185 1018 3229 ad
1046 3178 1304 3228 eorumdem
1326 3174 1504 3233 copiam
1529 3168 1789 3216 tradendam
1806 3165 2031 3213 Tabula-

80 3257 154 3305 rio
173 3292 186 3311 ,
219 3253 307 3300 five
328 3253 542 3300 Archivo
563 3250 929 3299 Cominunitatis
952 3282 964 3300 ,
997 3247 1041 3292 8<
1063 3256 1214 3291 taxam
1240 3237 1533 3285 solvendam:
1567 3233 1652 3278 Sed
1686 3246 1733 3277 re
1762 3246 1786 3276 a
1805 3229 2030 3297 Commu-

81 3321 229 3367 'nitate
258 3317 396 3364 dilata
415 3316 470 3363 ad
497 3313 718 3362 Tribunal
741 3313 906 3361 A.C.,
940 3310 1079 3358 vietus
1099 3304 1183 3352 fuit
1203 3304 1245 3350 in
1260 3315 1453 3362 utroque
1467 3291 1786 3363 controversia:
1820 3288 2029 3358 Capite..

80 3383 324 3432 Promotoi·
342 3413 354 3431 ,
384 3381 428 3426 8<
449 3377 775 3425 Cancellarius
795 3391 946 3436 preces
978 3372 1063 3418 hac
1093 3371 1145 3415 de
1169 3382 1215 3413 re
1233 3363 1497 3411 obtulerunt
1530 3358 1802 3425 Sanetissimo
1822 3352 2033 3400 Domino

80 3444 278 3494 Nostro.
306 3441 468 3492 Causae
487 3442 624 3505 igitur
643 3439 848 3502 cognitio
866 3439 998 3484 Sacro
1025 3432 1130 3480 huic
1162 3427 1410 3475 Tribunaii
1433 3423 1550 3490 data.
1579 3419 1662 3466 fuit
1681 3452 1694 3470 ,
1728 3416 1840 3486 {af-'ta
1872 3428 2034 3484 tamen

78 3508 204 3569 prius
225 3521 250 3553 a
277 3506 518 3553 Promotor
543 3503 701 3551 fiscali
739 3501 1086 3549 renunciatione
1118 3491 1302 3550 Judi'cio
1328 3485 1613 3549 possessorio.
1655 3476 1814 3528 Emissa
1846 3479 2035 3546 quidem

77 3572 162 3619 suit
183 3568 495 3622 renunciati0‚
529 3569 606 3616 sed
626 3582 726 3614 cum
749 3566 866 3612 nihil
884 3564 982 3610 inde
1001 3570 1212 3621 ageretur
1243 3569 1267 3600 a
1289 3553 1558 3598 Promotore
1579 3581 1593 3599 ,
1627 3545 1672 3592 &
1692 3539 1997 3590 Cancellario
2021 3574 2034 3592 ,

75 3633 394 3691 Cominunitas
412 3647 543 3684 morae
584 3629 827 3694 impatiens
845 3625 1001 3678 Cau'sae
1019 3616 1371 3686 propositionem
1393 3607 1626 3662 festinavit
1657 3643 1678 3663 .,
1705 3599 2035 3713 ῦῐεεῑςέξίωῑ
