2571 3961
519 121 600 219 faa&
624 166 870 229 Hospitalis
886 164 1184 217 viterbiensis
1205 161 1490 222 unio‚quam
1505 163 1611 206 clar«
1629 175 1763 213 mem.
1783 160 2039 218 Cardinalis
2064 162 2337 213 Barbadicus
2360 164 2471 228 Epi-

516 236 667 293 scopus
689 233 862 288 Montis
887 230 1046 275 Falisci
1080 242 1198 273 anno
1224 233 1357 278 1690.
1376 221 1480 268 fecit
1517 223 1770 289 Hospitalis
1797 222 1897 276 eius
1912 223 2136 274 Civitatis
2165 245 2267 275 cnm
2297 229 2473 275 Colle-

516 297 591 359 gio
609 328 621 343 ,
652 293 732 339 seu
750 293 1002 340 Seminario
1022 303 1263 349 puerorum
1280 320 1292 337 ‚
1329 284 1588 352 Apostolica
1616 285 1714 339 inde
1735 285 2294 344 auctoritateconfirmata
2312 322 2326 337 .
2364 292 2468 337 Hu-

513 361 584 417 jus
601 357 727 403 enim
752 356 937 401 unionis
968 353 1144 412 legibus
1179 363 1368 405 ²cautum
1395 347 1477 392 furt
1499 381 1513 400 ‚
1546 360 1595 393 ut
1617 363 1776 402 omnes
1793 383 1806 398 ‚
1832 348 1916 410 ‚qui
1946 352 2252 411 reciperentur
2288 389 2324 408 „
2357 353 2467 400 nell’

518 457 550 476 ,‚
584 418 804 480 Ospedale
840 429 969 466 tamo
997 412 1177 475 pacsani
1202 448 1215 465 ,
1240 422 1418 473 >quanto
1449 408 1669 456 forastieri
1697 409 1736 455 εἰ
1766 409 1982 473 infermi,
2013 428 2158 462 come.
2179 414 2308 466 feriti
2343 414 2468 462 siano

516 518 550 538 „
584 484 674 530 ben
697 480 907 528 trattati,
942 494 965 523 e
996 476 1142 521 curati
1163 492 1186 527 a
1205 485 1325 519 tutte
1345 471 1464 532 spese
1485 472 1533 518 di
1553 472 1942 529 dettoSeminario
1964 511 1976 528 ‚
2010 477 2193 524 durant-i
2215 478 2255 524 le
2268 479 2378 535 loro
2396 479 2466 525 in-

518 580 549 600 „
567 552 569 555 '
585 544 769 591 fermita
793 575 822 593 ,‚
840 574 858 593 ,.
893 539 1068 586 Etcum
1088 536 1324 588 Seminarii
1356 533 1764 591 Administratores
1787 538 1874 597 legi
1895 539 1999 596 huic
2017 573 2030 590 ,
2055 540 2096 586 &
2113 540 2367 592 conditioni
2392 557 2468 601 pa-

514 621 670 657 1e1-ent
691 640 704 657 ‚
735 607 887 655 minor
908 615 1003 653 erat
1025 615 1243 654 numerus
1265 598 1547 653 infirmorum
1567 633 1580 651 ,
1615 599 1690 658 qui
1711 599 1764 644 ad
1795 598 2045 662 Hospitale‘
2071 602 2363 662 viterbiense
2382 604 2469 650 ad-

517 670 760 718 veniebant
783 701 795 719 ,
828 667 870 712 &
891 667 1045 712 minor
1069 677 1166 712 erat
1194 662 1393 726 impensa
1413 695 1427 708 .
1463 661 1531 708 At
1556 662 1783 722 postremis
1803 662 1921 710 hisce
1940 665 2068 712 annis
2096 663 2230 716 iidem
2250 654 2470 725 Admini-

513 735 719 782 stratores
735 764 750 782 ,
788 732 830 779 δι
849 729 1068 781 Refiores
1093 727 1192 790 lege
1217 727 1297 773 illa
1318 761 1331 779 ,
1365 727 1405 770 δι
1425 725 1687 780 ,conditione
1721 725 1854 773 obliti
1884 725 2142 787 Hospitalis
2176 740 2367 788 munera
2381 744 2467 784 rie-

510 795 686 859 gligere
716 804 950 855 coeperunt
983 788 1225 837 Seminarii
1243 789 1492 855 commodis
1528 788 1718 836 intenti.
1753 790 1877 846 Hinc
1907 790 2333 853 pharmacopaeam·‚
2357 806 2465 857 ‘quae

511 864 560 906 in
597 856 833 919 Hospitali
863 868 957 901 erat
978 890 990 907 ,
1032 852 1326 905 clauserunt,
1358 863 1615 898 minuerunt
1650 852 1868 908 lectulos‚
1905 851 2194 917 infirmosque
2219 853 2464 913 iterumad

512 920 748 977 Hospitale
773 916 1061 973 viterbiense
1078 913 1420 970 transmiserunt
1438 949 1449 960 .
2257 911 2261 915 ’

448 984 773 1051 Qerebanmr
790 978 1092 1027 viterbiensis
1116 976 1369 1039 Hospitalis
1387 975 1673 1038 Rectoresde
1693 979 1776 1036 hac
1794 979 2114 1038 transmissione
2133 1015 2145 1032 ,
2170 978 2465 1042 infirmosque
2510 989 2514 993 ”

511 1049 746 1095 admittere
773 1045 1087 1105 repugnabant
1110 1076 1124 1094 ‚
1159 1053 1402 1091 meantum
1420 1041 1781 1099 erat'interdieto
1799 1077 1812 1096 ‚
1844 1042 1912 1090 sed
1933 1039 2116 1103 frustra..
2149 1041 2271 1092 N'am
2285 1041 2462 1093 Ducto-

507 1126 580 1162 res
598 1145 611 1163 ,
643 1106 943 1168 Viatoresque
961 1105 1137 1166 Montis
1158 1100 1316 1151 Falisci
1334 1100 1538 1151 infirmos
1558 1119 1647 1150 non
1668 1105 1757 1152 sive
1778 1107 1882 1153 vita:
1905 1100 2165 1154 discrimine
2182 1107 2227 1154 in
2245 1107 2322 1167 via
2337 1106 2430 1165 ipsa
2443 1142 2459 1165 ,

509 1177 552 1222 ἃ
569 1183 706 1235 portu
724 1168 945 1231 Civitatis
967 1167 1165 1230 Vivterbii
1185 1166 1504 1232 relinquebant
1524 1204 1537 1220 ‚
1566 1165 1703 1229 atque
1723 1169 1786 1216 ita
1816 1162 2241 1226 ejusdemCivitatis
2272 1170 2461 1234 Hospi-

510 1238 601 1284 tale
622 1228 868 1295 cogebatur
890 1231 1032 1279 vellet
1054 1231 1202 1279 nollet
1220 1246 1296 1278 eos
1331 1230 1530 1290 recipere
1551 1266 1564 1284 ,
1595 1247 1651 1277 ne
1683 1233 1728 1278 in
1749 1232 1836 1295 ipsa
1855 1228 1930 1290 ,iria
1948 1232 2135 1279 'divinis
2160 1231 2461 1296 huma'nisque

506 1297 720 1363 praesidiis
739 1296 950 1343 destituta
971 1294 1277 1353 decederent.
1312 1294 1437 1356 Hinc
1456 1291 1619 1342 saelum
1636 1293 1698 1341 est
1721 1331 1734 1348 ‚
1761 1307 1813 1342 ut
1841 1311 1943 1342 cum
1968 1293 2169 1352 ejusdem
2205 1297 2463 1359 Hospitalis

510 1358 917 1421 redditus'impares
943 1357 1087 1405 effent
1105 1357 1310 1421 impensis
1329 1392 1351 1414 „
1384 1358 1596 1414 contrahi
1617 1357 1849 1406 debuerint
1870 1374 1987 1406 anno
2009 1372 2142 1413 1752.
2157 1357 2332 1406 Census
2347 1359 2473 1415 scut„

517 1421 651 1480 1400,
673 1424 688 1476 s
723 1425 853 1485 cujus
873 1422 1038 1469 sru&us
1055 1421 1231 1468 sol-vere
1254 1435 1348 1468 non
1364 1419 1515 1482 potest
1532 1420 1778 1481 Hospitale
1794 1458 1808 1475 ‚
1838 1438 1895 1469 ne
1914 1423 2019 1469 dum
2035 1422 2198 1468 sortem
2217 1424 2434 1469 redimere
2452 1456 2469 1477 ,

511 1492 634 1536 itaut
659 1487 689 1532 fi
713 1502 781 1534 res
800 1485 963 1534 eodem
980 1484 1098 1532 statu
1113 1485 1305 1538 durent,
1338 1488 1628 1533 metuendum
1649 1483 1701 1531 fit
1718 1519 1732 1538 ,
1769 1500 1826 1531 ne
1849 1484 2092 1547 Hospitale
2109 1485 2257 1536 claudi
2275 1485 2469 1534 debeat.

512 1553 583 1599 Ut
599 1551 706 1598 huic
725 1549 847 1597 malo
871 1559 1168 1596 occureretur
1183 1585 1197 1602 ,
1231 1546 1496 1594 obtulerunt
1516 1547 1725 1596 Restores
1747 1585 1760 1602 ,
1791 1549 1834 1595 &
1853 1548 2253 1607 Administratores
2272 1548 2472 1604 ejusdem

510 1613 771 1675 Hospitalis
788 1614 923 1663 Sacro
959 1611 1064 1660 huic
1096 1611 1346 1658 Tribunali
1376 1625 1566 1673 preces,
1600 1612 1762 1674 quibus
1789 1613 2076 1673 postulabant
2106 1646 2121 1665 ,
2156 1625 2206 1659 ut
2235 1623 2473 1668 veteretut

512 1676 748 1740 Hospitali
767 1712 780 1731 ,
811 1675 1133 1731 &Seminario
1152 1674 1330 1722 Montis
1350 1674 1546 1734 Falisci,
1576 1690 1630 1721 ne
1669 1675 1864 1727 infirmos
1885 1676 2153 1733 Viterbium
2184 1673 2476 1722 transmitte*

512 1755 583 1790 ret
601 1779 614 1796 ,
647 1752 787 1803 utque
807 1739 864 1787 iis
888 1739 1119 1796 juberetur
1135 1754 1295 1799 parere
1317 1737 1405 1801 legi
1427 1736 1455 1790 ‚'
1474 1739 1518 1785 8<
1536 1738 1785 1800 conditioni
1819 1739 1998 1793 unionis
2015 1776 2029 1796 ‚
2065 1736 2356 1800 infirmosque
2374 1754 2470 1790 om-

511 1822 592 1866 nes
613 1804 702 1852 five
718 1802 866 1857 Cives
885 1838 899 1857 ,
938 1802 1033 1851 sive
1052 1801 1367 1859 DistriCiuales
1385 1835 1399 1854 ,
1433 1799 1522 1848 sive
1541 1813 1723 1859 exteros
1751 1805 1947 1866 recipere
1963 1837 1978 1863 ρ
2013 1805 2055 1850 δί
2072 1801 2330 1861 'praesertim
2356 1815 2431 1848 eos
2449 1838 2465 1858 ,
2536 1816 2541 1820 ·

512 1870 591 1933 qui
627 1867 823 1916 Romam
850 1866 1159 1914 venientes-in
1191 1866 1356 1928 itinere
1377 1877 1663 1926 aegrotantur
1682 1902 1695 1922 ,
1728 1878 1972 1929 antequam
1997 1867 2210 1923 Montem
2244 1863 2469 1912 Faliscum

509 1931 813 1994 perveniant,
840 1931 995 1993 eadem
1027 1930 1268 1983 methodo,
1304 1929 1455 1990 quain
1486 1928 1730 1989 Hospitale
1764 1929 1967 1977 Viterbii
1997 1928 2275 1989 recipiuntur
2288 1927 2325 1986 ii
2344 1963 2357 1979 ,
2391 1931 2471 1988 qui

511 1996 666 2046 Roma
685 1993 921 2053 venientes
940 1992 992 2057 in
1016 1993 1224 2040 morbum
1245 1992 1489 2040 incidunt.
1517 1990 1728 2055 Rogatus
1749 1993 1834 2041 fuit
1863 1992 2243 2040 Eminentissimus
2271 1988 2472 2053 Episco-
2501 2029 2503 2031 .

508 2059 591 2124 pus
611 2055 909 2105 Viterbienfis
929 2090 944 2109 ‚
978 2068 1029 2103 ut
1046 2090 1060 2107 ,
1097 2055 1253 2103 audito
1275 2055 1656 2103 Administratore
1675 2056 1880 2104 Ecclefiae
1899 2056 2076 2104 Montis
2093 2052 2291 2113 Falisci,
2320 2052 2469 2101 animi

507 2124 572 2174 sui
599 2119 876 2168 sententiam
907 2120 1196 2183 explicaret,
1229 2119 1346 2183 quod
1367 2117 1460 2179 ipse
1477 2118 1887 2182 praesti-titepistola
1907 2155 1921 2173 ,
1950 2135 2040 2179 qua
2058 2153 2072 2172 ,
2103 2116 2261 2167 relatis
2293 2116 2472 2164 utrius-

506 2201 594 2249 que
612 2182 862 2244 Hospitalis
884 2184 1137 2230 rat=onibus
1161 2219 1174 2236 ,
1206 2182 1389 2228 tandem
1411 2180 1645 2229 secundum
1680 2182 1917 2243 Hospitale
1936 2179 2231 2229 Viterbiense-
2268 2178 2467 2240 respon-

507 2249 574 2297 dit
639 2245 784 2294 Causa
822 2248 977 2308 itaque
1009 2261 1129 2293 nunc
1155 2245 1332 2292 duobus
1367 2244 1554 2292 collecta
1582 2245 1831 2305 Capitibus
1851 2247 2111 2307 proponitur
2134 2279 2145 2290 .
2178 2243 2259 2290 Ab
2298 2244 2460 2304 Hospis

507 2310 589 2360 tali
613 2307 897 2358 viterbiensi
925 2309 1137 2357 libellum
1170 2308 1440 2359 habuimu83
1469 2307 1516 2353 in
1533 2323 1622 2368 quo
1640 2306 1836 2359 faistum.
1873 2312 1989 2370 quod
2030 2308 2157 2369 supra
2179 2307 2456 2372 retulimus,

477 2411 487 2426 .
507 2384 748 2424 narratur.
781 2371 917 2421 Nihil
947 2387 1061 2428 vero
1092 2371 1339 2421 habuimus
1357 2373 1412 2434 ab
1437 2370 1669 2432 Hospitali
1686 2372 1869 2420 Montis
1903 2371 2098 2433 falisci,
2132 2369 2294 2420 Dubia
2314 2405 2330 2425 ,
2362 2385 2465 2434 qua?
2502 2368 2505 2371 ’

505 2438 709 2494 diximus
731 2471 746 2490 ‚
782 2436 913 2495 sunt.
2313 2436 2318 2439 ’
2452 2437 2460 2440 ’

447 2504 486 2554 l.
519 2511 599 2551 An
605 2493 668 2560 fii
675 2499 962 2565 prohibenda
979 2497 1243 2560 transmlffio
1280 2497 1559 2554 infirmorum
1578 2510 1844 2549 exterorum
1862 2499 1919 2546 ab
1937 2500 2169 2564 Hospitali
2184 2500 2358 2547 Montis
2375 2503 2464 2541 Fa-

703 2564 807 2623 lisci
835 2566 894 2611 ad
910 2563 1149 2629 Hospitale
1171 2562 1376 2622 Viterbii
1392 2560 1442 2611 ln
1461 2562 1563 2620 cafic
1595 2568 1698 2612 &a
1713 2563 1754 2610 ὅ(
1777 2573 1999 2625 quatenus
2015 2563 2318 2621 affirmativet

449 2629 511 2677 Π.
546 2636 625 2677 An
631 2625 694 2686 fit
699 2626 985 2690 prohibenda
1004 2625 1263 2686 transmtffio
1281 2624 1559 2681 infirmorum
1576 2624 1633 2672 ab
1649 2626 1965 2691 Hospitalibus
1986 2632 2128 2676 Terrae
2148 2628 2310 2673 Μανία
2323 2657 2339 2679 ,
2357 2621 2470 2669 501·-

452 2691 454 2693 ’
690 2692 806 2754 sente
825 2725 840 2745 ,
877 2696 936 2741 σῇ*
955 2692 1248 2753 Balneoregz'i
1264 2692 1321 2737 ad
1347 2688 1582 2752 Hospitale
1601 2695 1777 2753 Montis
1796 2689 1965 2753 Falisci
1979 2694 1996 2738 i
2004 2707 2030 2739 n
2047 2689 2149 2752 rasit
2167 2694 2268 2746 (sy-c.

564 2816 678 2865 Non
696 2817 921 2882 proposita
935 2849 951 2877 ,

1039 3121 1878 3219 FINIS;

2275 3686 2454 3751 IN?
