2571 3961
114 253 347 292 -uxorem
371 233 506 292 suam
531 251 588 289 ex
614 233 858 290 fruttibus
878 231 968 292 suae
989 233 1143 288 Dotis
1161 269 1174 290 ,
1203 236 1253 289 δέ
1273 234 1567 302 augumenti
1591 235 1792 292 Dotalis
1821 187 1924 293 ηἷηςι

129 311 262 374 poffe
288 324 380 360 eos
406 308 633 363 redditus
656 311 915 373 percipere
934 339 952 366 ‚
988 307 1070 370 qui
1093 304 1207 357 satis
1227 307 1379 359 effent
1418 307 1480 358 ad
1497 306 1745 361 alimenta
1768 345 1783 367 ,
1818 326 1922 362 vo-

129 380 263 437 luit,
301 391 356 429 ut
384 379 493 430 filio
519 378 805 431 Dominico
828 381 876 430 in
902 376 1135 440 pupillari
1155 388 1296 429 aetate
1314 376 1591 429 decedente
1613 412 1626 434 ‚
1660 390 1811 443 atque
1829 381 1920 445 ita,

128 451 402 501 eveniente
421 446 532 502 casu
556 447 882 501 distrafftionis
902 451 1158 498 bonorum
1183 484 1197 505 ‚
1227 449 1507 514 fipreservi
1527 449 1754 518 investita
1775 466 1922 504 aaa.»

124 525 352 586 porzione
393 521 520 573 della
539 520 639 570 mia
669 518 854 571 eredita
876 552 888 573 ‚
927 520 1008 567 che
1029 520 1146 583 hasti
1167 521 1243 567 col
1241 520 1332 581 suo
1341 521 1507 582 fratta
1540 538 1568 568 a
1582 521 1801 585 sapplire
1828 534 1913 569 aa·

129 595 410 645 naalmente
436 591 590 642 allidi
608 589 674 641 lei
698 592 886 639 decenti
903 591 1128 636 alimenti
1146 623 1159 637 .
1196 588 1378 637 Morte
1400 590 1537 639 obita
1560 605 1587 639 a
1610 588 1876 641 Testatore
1897 625 1916 652 ‚

127 659 334 713 deceffit
357 659 523 713 triduo
552 661 654 722 post
675 658 985 708 Dominicus
1011 654 1172 707 infans
1191 659 1346 707 haeres'
1365 652 1571 721 scriptus
1590 659 1880 711 universalis
1900 692 1918 716 ,

129 728 372 794 &Joseph
393 768 409 793 ‚
441 739 590 793 atque
616 726 876 782 Antonius
897 762 913 783 ‚
956 740 1083 790 quos
1099 725 1313 781 joannes
1341 740 1400 775 ex
1428 726 1585 790 primi
1626 727 1812 792 nuptiis
1851 731 1922 781 su·

131 799 351 869 sceperat
374 835 389 862 ‚
411 797 617 851 viduam
640 795 803 847 domo
819 794 1119 858 expulerunt
1143 830 1157 854 ,
1174 794 1238 858 l&
1261 794 1431 861 plures
1450 806 1630 849 contra
1653 809 1923 863 paternam

130 870 478 922 haereditatem
516 866 633 919 lites
674 875 882 932 egerunt
908 900 923 924 ‚
961 866 1129 917 immo
1164 867 1522 920 testamentum
1563 867 1725 931 ipsum
1760 868 1923 921 Patris

129 940 330 993 nullum
367 935 671 999 irritumque
714 934 981 992 dixerunt3
1021 932 1103 986 led
1125 934 1177 984 in
1195 937 1433 988 omnibus
1456 936 1627 989 litibus
1653 933 1774 990 visti
1797 951 1924 989 con-

133 1007 375 1075 fugerunt
395 1004 454 1056 ad
474 1001 869 1058 Sacratisfimum
892 1003 1185 1069 Principem
1224 1008 1453 1057 nostrum
1477 1006 1781 1071 postulantes
1806 1039 1822 1065 ,
1859 1018 1916 1059 ut

130 1076 308 1144 praevia
333 1074 664 1142 derogatione
684 1073 964 1127 voluntatis
1004 1074 1280 1128 Testatoris
1302 1077 1434 1127 bona
1465 1075 1643 1129 omnia
1670 1075 1922 1128 immobi-

132 1147 201 1199 lia
223 1145 331 1215 ipsis
350 1144 708 1197 addicerentur
727 1159 846 1196 cum
864 1161 1021 1198 onere
1042 1143 1344 1197 dissolvendi
1367 1160 1428 1196 aes
1448 1146 1672 1199 alienum
1695 1177 1712 1201 ,
1752 1144 1798 1196 8(
1819 1143 1921 1198 Le-

131 1226 246 1283 gata
269 1251 282 1274 ‚
322 1215 731 1279 atquererogandi
751 1216 1096 1278 quantitatem
1133 1215 1516 1277 respondentem
1556 1215 1728 1282 pretio
1764 1227 1916 1279 atque

133 1285 450 1339 aestimationi
471 1287 724 1336 bonorum
748 1281 1066 1337 residuorum
1105 1285 1153 1335 in
1194 1281 1328 1336 sacra
1347 1286 1538 1351 agenda
1561 1298 1734 1337 tamen
1775 1282 1916 1338 infra

132 1369 241 1408 tres
275 1370 429 1409 annos
454 1389 469 1405 .
505 1352 863 1410 Postulationis
895 1355 1038 1421 hujus
1080 1354 1311 1427 cognitio
1352 1354 1467 1408 data
1504 1355 1603 1410 fuit
1635 1353 1776 1409 Emis
1809 1354 1917 1409 Pa-

136 1427 300 1479 tribus
320 1458 334 1475 .

75 1499 297 1564 Rogatus
320 1494 472 1560 igitur
490 1490 924 1549 Eminentiffimus
945 1490 1216 1559 Episcopus
1236 1535 1250 1561 ‚
1269 1505 1321 1547 ut
1340 1494 1500 1554 animi
1525 1491 1596 1546 sui
1612 1493 1917 1548 sententiam

138 1566 358 1633 aperiret
383 1599 396 1623 ‚
416 1563 596 1616 retulit
619 1565 889 1629 Privignos
910 1564 1319 1631 Chirographum
1342 1564 1576 1630 scripuffe
1603 1600 1619 1622 ‚
1655 1581 1757 1629 quo
1777 1564 1933 1616 obli-‘

136 1636 399 1705 gationem
419 1630 739 1703 susceperunt
759 1634 1059 1687 dissolvendi
1077 1652 1233 1687 omne
1252 1650 1312 1689 aes
1336 1634 1555 1686 alienum
1576 1630 1737 1697 spatio
1753 1634 1914 1686 trien-

134 1705 202 1758 nii
227 1743 242 1768 ‚
267 1702 311 1754 &
331 1702 562 1756 obtuliffe
581 1719 962 1770 quamcumque
982 1705 1279 1759 cautionem
1298 1738 1313 1763 ,
1352 1704 1399 1757 ὃ(
1423 1701 1793 1769 fidejussionem
1815 1740 1831 1766 ‚
1853 1712 1909 1754 ut

131 1773 459 1828 dealimentis
474 1769 638 1826 secura
656 1773 1294 1828 fitNoverca:Sententiam
1310 1773 1531 1839 denique
1549 1770 1685 1827 suam
1702 1774 1778 1826 his
1797 1786 1912 1826 ver-

132 1843 207 1898 bis
231 1842 446 1907 explicat
470 1877 485 1902 ‚
521 1847 646 1912 qaod
673 1859 850 1913 petunt
894 1847 1129 1899 Oratores
1160 1847 1416 1911 aequitati,
1454 1846 1516 1900 ὠ·
1547 1845 1738 1896 rationi
1756 1843 1914 1907 conso-

135 1932 250 1968 num
275 1915 471 1968 videtur
491 1949 504 1971 ‚
549 1930 653 1967 cam
671 1931 843 1968 revera
866 1917 942 1969 nil
954 1916 1091 1967 aliud
1099 1916 1332 1982 postulent
1349 1948 1364 1971 ,
1397 1915 1486 1978 nist
1499 1913 1653 1978 utfibi
1668 1930 1818 1965 emere
1840 1914 1911 1961 li-

135 1997 245 2037 ceat
263 1986 384 2035 bona
404 2004 432 2034 a
448 1985 602 2035 Patre
621 1987 787 2038 relifi‘t'a
812 2021 825 2045 ,
872 1990 934 2044 &a
956 1987 1021 2036 ad
1031 1989 1247 2053 pretium
1248 1985 1536 2047 solvendam
1560 1987 1703 2035 breve
1721 1997 1908 2047 tempus

134 2057 448 2107 concedatur:
492 2053 730 2106 Caeterum
754 2060 1074 2125 quodcumqae
1111 2071 1227 2106 onus
1261 2055 1557 2105 haereditatis
1582 2053 1795 2115 fideliter
1813 2055 1912 2101 im-

132 2128 266 2195 plere
301 2127 593 2193 promittunt
614 2162 632 2188 ,
671 2129 798 2177 datis
802 2127 1174 2195 fidejussionibus
1190 2159 1204 2182 ‚
1243 2140 1347 2190 quae
1379 2123 1531 2188 postea
1550 2124 1912 2189 cognoscendum

138 2197 237 2247 erit
253 2228 267 2253 ,
301 2214 362 2245 an
377 2209 545 2248 revera
567 2198 643 2245 ati
663 2198 842 2249 idoneae
859 2199 1055 2247 admitti
1065 2196 1254 2262 poffint:
1289 2211 1377 2245 non
1413 2193 1557 2243 aliter
1587 2208 1700 2243 vero
1725 2193 1911 2242 Orato-

139 2281 246 2318 ram
261 2268 483 2332 precibus·
511 2268 815 2318 annuendam
852 2265 938 2334 effe
964 2279 1219 2333 putarem,
1263 2264 1351 2328 nisi
1385 2275 1486 2312 cum
1510 2275 1634 2314 certo
1651 2261 1877 2328 constaret
1896 2294 1913 2318 ‚

139 2333 335 2388 minime*
355 2354 508 2388 eoram
526 2372 539 2396 ‚
569 2350 765 2404 quoram
787 2338 978 2403 interest
994 2372 1007 2394 ‚
1046 2338 1199 2387 ullam
1209 2350 1366 2399 grave
1394 2337 1619 2383 damnum
1637 2330 1722 2399 effe
1739 2332 1914 2384 obven.

139 2419 303 2458 turum
323 2441 338 2456 .
379 2406 517 2458 Cum
539 2406 696 2474 igitur
709 2407 1002 2463 Creditores
1022 2439 1037 2464 ‚
1073 2405 1119 2457 8<
1137 2403 1387 2469 Legatarii
1409 2411 1651 2468 urgeant,
1694 2400 1742 2452 δε
1768 2414 1912 2450 man-

141 2475 258 2526 data
273 2486 447 2529 contra
463 2479 596 2528 bona
619 2478 930 2532 haereditaria
947 2474 1257 2527 obtinuerint
1277 2510 1295 2535 ,
1326 2472 1442 2523 ideo
1463 2469 1618 2522 Causa
1642 2484 1775 2521 nunc
1793 2483 1909 2532 pro-

143 2544 389 2610 ponitur,
430 2543 778 2615 disputantque
807 2549 1141 2608 Exequutores
1176 2542 1299 2593 nihil
1320 2540 1571 2608 proponi,
1607 2554 1729 2597 cur,
1767 2536 1909 2588 nulla

142 2623 358 2679 urgente
372 2615 491 2674 justa
512 2649 525 2670 ‚
548 2615 592 2667 8<
613 2617 876 2671 necessaria
893 2611 1034 2668 causa
1049 2652 1065 2677 ‚
1102 2613 1337 2666 mutanda
1354 2613 1410 2663 fit
1428 2610 1704 2663 Testatoris
1721 2607 1913 2660 volun-

141 2696 244 2736 tas:
292 2683 461 2734 Grave
478 2685 721 2740 damnum
742 2705 800 2739 ex
819 2691 911 2737 hac
943 2683 1228 2736 mutatione
1261 2682 1463 2735 evenire
1500 2697 1620 2732 curn
1660 2675 1914 2731 Sacrificia

68 2758 70 2762 ’
142 2750 320 2806 saltem
344 2749 638 2807 differantur
658 2797 674 2821 ,
694 2773 857 2821 neque
877 2753 1187 2807 cautionibus
1212 2787 1226 2811 ‚
1250 2753 1295 2805 8(
1312 2747 1702 2816 fidejussionibus
1720 2744 1914 2825 consuli

141 2823 305 2877 viduae
332 2859 347 2883 ‚
384 2840 490 2888 quae
533 2840 702 2888 parata
735 2825 974 2888 consequi
1010 2825 1162 2875 debet
1202 2821 1445 2888 alimenta
1461 2859 1479 2885 ‚
1515 2836 1617 2871 non
1654 2832 1777 2870 vero
1798 2816 1916 2870 lites

145 2905 321 2944 contra
338 2895 603 2959 Privignos
623 2933 640 2959 ‚
665 2896 710 2949 8(
731 2893 1053 2958 Fidejussores
1072 2887 1316 2955 suscipere
1344 2926 1360 2950 ‚
1392 2903 1448 2943 ut
1472 2907 1531 2942 ea
1558 2884 1883 2951 consequatur
1907 2901 1922 2936 :

146 2962 359 3016 Nullam
401 2963 615 3029 denique
658 2965 769 3030 ipsis
810 2964 1064 3030 Privignis
1103 2962 1384 3015 utilitatem
1423 2959 1691 3024 pervenire
1728 2971 1788 3007 ex
1829 2960 1926 3008 hac

150 3033 590 3085 commutatione.
629 3034 752 3087 Haec
771 3030 967 3086 summa
985 3036 1054 3086 est
1074 3030 1234 3085 libelli
1273 3032 1376 3084 dati
1407 3032 1468 3083 ab
1487 3026 1923 3095 ExequutoribuS.

151 3102 202 3153 A
224 3100 358 3153 Filiis
380 3103 502 3154 nihil
523 3104 786 3157 habuimus
801 3141 815 3155 .
849 3102 1078 3156 Dubium
1101 3102 1169 3152 est
1187 3139 1204 3155 .

83 3170 171 3222 An
175 3172 239 3235 sit
261 3173 589 3238 consulendum
609 3175 891 3241 Sanffliffimo
911 3188 998 3240 pro
1032 3174 1334 3239 derogatione
1369 3171 1634 3221 voluntatis
1665 3166 1924 3231 Testatoris

148 3245 202 3290 in
215 3259 264 3292 eo
284 3275 297 3299 ‚
332 3245 702 3310 quodsupereric
717 3249 770 3297 in
789 3248 1068 3299 haereditate
1077 3256 1167 3312 pro
1187 3244 1330 3310 caasa
1340 3245 1426 3310 pia
1449 3277 1466 3305 ‚
1489 3240 1672 3306 solutis
1710 3236 1885 3288 debitis
1907 3267 1924 3293 ,

156 3314 218 3367 ό·
238 3313 413 3376 legatis
428 3317 481 3362 in
497 3316 607 3381 casa
629 3317 738 3372 &c-

223 3449 343 3507 Non
363 3453 610 3521 propofita
637 3487 655 3505 .

1810 3650 1943 3706 BRI-
