2571 3961
659 198 733 303 gg
757 262 904 312 1737·
931 250 945 303 ζ
969 242 1260 312 responsum
1297 243 1391 297 fuit
1426 246 1600 296 Dilata
1617 283 1632 308 ,
1676 247 1737 300 (ξ’
1757 250 2103 314 coadjuvemur
2132 249 2449 313 probationes.

665 313 1023 374 Deceffitinde
1059 316 1232 368 Abbas
1256 315 1765 375 commendatarius,
1808 316 1855 367 δὲ
1883 316 2102 367 Abbatia
2139 318 2321 369 collata
2345 317 2443 370 fnit

667 383 1080 446 Eminentiffimo
1117 384 1347 436 Domino
1366 381 1621 435 Cardinali
1642 385 1703 434 dc
1725 384 1885 437 llcio:
1921 385 2135 437 Romam
2159 387 2295 438 venit
2315 385 2449 452 Epis«

669 453 1134 522 copus,multosque
1156 468 1271 504 cum
1290 452 1471 504 eodem
1493 450 1892 507 Eminentiffimo
1912 453 2139 507 Domino
2160 457 2327 508 habuit
2347 454 2446 509 ier·

668 541 848 582 mones
891 523 953 573 de
989 522 1158 574 litibus
1197 520 1316 573 asiis
1343 536 1478 572 anno
1502 539 1651 587 17¹9·
1674 557 1687 577 ‚
1719 521 1762 573 8<
1791 531 1941 591 1736.
1960 559 1974 582 ‚
2021 523 2068 572 ὃς
2093 525 2350 588 sequent.,
2383 544 2442 580 ex

668 597 846 662 quibus
867 592 1062 645 dicebat
1086 588 1272 644 fabium
1292 593 1388 642 effe
1406 626 1420 649 ‚
1446 602 1497 642 ut
1517 591 1622 643 duae
1648 592 1961 646 Parochiales
1983 592 2209 646 Ecclesia:
2229 595 2329 646 fine
2354 595 2445 648 Re-

667 667 806 718 &ore
825 661 979 715 essent
998 696 1011 718 ‚
1030 674 1176 726 atque
1197 659 1315 713 hinc
1336 657 1560 715 scandala
1583 695 1596 717 ‚
1620 661 1770 724 mala,
1789 663 1837 715 ὃς
1860 664 2145 715 animarum
2168 666 2412 727 pernicies
2432 699 2449 724 ‚

668 751 777 802 quae
796 742 1032 798 perpetua
1053 730 1207 784 effent
1229 728 1396 786 futura
1420 766 1436 788 ‚
1475 731 1563 781 nifi
1585 730 1695 784 finis
1715 731 1890 784 litibus
1929 733 2271 796 imponeretur
2290 770 2304 784 .
2325 734 2447 786 Haec

671 803 825 871 igitur
848 803 1019 853 animo
1036 798 1204 853 secum
1231 812 1467 864 reputans
1506 799 1937 855 Eminentiffimus
1978 803 2147 854 Abbas
2169 840 2185 864 ‚
2222 814 2275 855 ut
2313 804 2448 855 mala

667 874 843 927 omnia
860 882 1152 931 averteret,
1190 867 1498 921 familiarem
1518 871 1776 934 epistolam
1801 879 1860 924 ad
1884 870 2176 938 Episcopum
2198 872 2452 938 dedit‚qua

667 956 867 1000 certum
889 955 1005 990 eum
1037 938 1254 991 reddidit
1278 934 1325 988 se
1346 955 1499 990 novas
1525 956 1623 990 non
1645 940 1903 993 illaturum
1932 943 2184 994 molestias
2226 943 2287 993 de
2322 959 2452 994 con-

669 1009 929 1066 troverfiis
953 1010 1001 1059 in
1024 1013 1122 1061 hoc
1140 1010 1288 1061 Sacro
1308 1006 1572 1061 Tribunali
1595 1010 1926 1073 pendentibus
1945 1045 1959 1065 ‚
1994 1011 2160 1063 immo
2177 1009 2224 1064 se
2248 1013 2342 1064 rati
2364 1013 2477 1063 lia-*-

667 1085 892 1136 biturum
939 1078 1095 1131 editas
1132 1076 1354 1140 ejusdem
1390 1078 1711 1132 definitiones
1729 1116 1743 1130 .
1782 1079 1945 1131 Rediit
1983 1081 2135 1144 igitur
2153 1115 2166 1138 ‚
2209 1085 2351 1133 rebus
2386 1082 2452 1132 ita

666 1148 963 1215 conipofitiS
985 1182 998 1203 ‚
1039 1150 1087 1200 in
1116 1148 1390 1201 Dioecefim
1419 1149 1685 1213 Episcopus
1706 1186 1721 1212 ‚
1759 1151 1806 1200 ὃ(
1826 1148 2126 1202 concursum
2147 1152 2341 1203 adduas
2361 1151 2454 1202 Pa-

668 1218 931 1275 rochiales
955 1219 1194 1271 Ecclesias
1217 1230 1451 1270 vacantes
1474 1219 1647 1271 indixit
1673 1257 1687 1281 ,
1724 1221 2097 1284 certioremque
2136 1221 2353 1277 reddidit
2387 1222 2450 1273 de

672 1289 956 1345 edifflorum
976 1289 1202 1343 affixione
1225 1286 1691 1341 Eminentiffimum
1718 1290 1973 1341 Abbatem
1995 1329 2009 1352 ‚
2041 1292 2123 1353 qui
2162 1291 2263 1353 pari
2283 1290 2452 1342 officio

674 1359 922 1425 respoudit
956 1386 1008 1397 --
1040 1379 1130 1411 non
1150 1361 1313 1408 dubito
1328 1372 1482 1424 punto
1502 1395 1515 1414 ‚
1552 1362 1633 1410 che
1674 1362 1717 1409 le
1750 1374 1857 1409 note
1880 1358 2046 1425 Chiql'e
2086 1360 2454 1425 Parochialisa-

672 1449 824 1483 ranno
839 1430 1043 1496 proviste
1069 1434 1126 1479 da
1148 1429 1203 1480 V.
1222 1429 1276 1477 ὃ.
1301 1429 1599 1493 lllustriffima
1638 1434 1686 1480 da·
1721 1430 1845 1479 buon
1868 1430 2056 1496 Pastore
2074 1469 2089 1492 ,
2113 1433 2322 1496 sapendo
2340 1431 2461 1495 qual

657 1503 727 1568 fia
747 1503 877 1564 ilsuo
900 1500 999 1549 zelo
1014 1513 1103 1566 per
1116 1499 1166 1547 la
1173 1500 1341 1561 salute
1360 1501 1470 1550 dell'
1490 1505 1648 1552 anime
1669 1532 1681 1554 ‚
1721 1518 1744 1549 e
1762 1512 1846 1564 per
1865 1501 2015 1566 questo
2036 1514 2173 1550 tanto
2181 1502 2269 1568 pia
2287 1504 2454 1551 volon-

674 1575 787 1625 tieri
809 1572 994 1634 misano
1014 1570 1198 1620 indotto
1224 1570 1469 1630 confidarle
1485 1585 1615 1621 tutte
1640 1569 1839 1634 allasaa
1859 1576 2106 1636 vigilanza
2125 1606 2139 1621 .

604 1644 717 1699 Post
740 1645 843 1692 haec
865 1639 1141 1704 Episcopus,
1163 1653 1223 1688 ne
1243 1640 1461 1693 certiore
1482 1639 1685 1704 quidem
1708 1642 1902 1692 reddito
1926 1636 2330 1692 Eminentiffimo
2355 1639 2457 1690 Ab·

670 1717 811 1768 bate,
829 1708 1068 1761 Ecclefias
1090 1708 1196 1759 illas
1213 1710 1446 1775 contulit,
1466 1708 1507 1761 8(
1529 1726 1647 1763 cum
1668 1724 1800 1760 anno
1825 1724 1973 1773 1752·
1996 1711 2200 1761 vacaffet
2224 1708 2272 1758 in
2296 1708 2453 1759 Men-

668 1777 716 1836 se
742 1778 858 1832 Sedi
907 1778 1208 1843 Apostolicae
1230 1775 1476 1832 reservato
1508 1779 1808 1833 Parochialis
1848 1778 2062 1831 Ecclesia
2101 1781 2159 1830 S.
2182 1779 2362 1829 Mariae
2379 1779 2457 1828 del

671 1854 873 1904 Serrone
894 1886 910 1909 ‚
939 1864 1047 1911 quae
1069 1863 1163 1898 una
1198 1849 1263 1897 est
1285 1865 1342 1900 ex
1363 1848 1550 1916 iis‚quae
1571 1841 1720 1902 censu
1744 1849 1971 1902 Abbatiae
1993 1846 2211 1910 soluunt,
2231 1862 2454 1899 concut-

671 1924 778 1972 sum
799 1918 1010 1977 indixit,
1042 1916 1333 1982 digniorem
1362 1920 1653 1987 praeelegit,
1679 1935 1896 1985 cumque
1917 1916 2008 1970 suis
2031 1918 2452 1971 testimonialibus

668 1988 930 2043 munitum
951 1988 1011 2039 ad
1031 1986 1289 2039 Datariam
1313 1989 1567 2052 remisit,iu
1590 2005 1684 2055 qua
1705 1988 1858 2040 biduo
1878 1988 2036 2054 gratia
2059 1989 2350 2052 provisionis
2370 2002 2454 2037 ex-

669 2059 833 2126 pedita
863 2054 978 2117 fuit,
1011 2058 1178 2113 ignaro
1195 2056 1255 2107 de
1281 2061 1519 2111 omnibus
1551 2057 1959 2111 Eminentiffimo
1981 2057 2178 2111 Abbate
2198 2093 2213 2118 ,
2247 2073 2328 2121 qui
2348 2052 2456 2107 fru-

666 2133 756 2182 fita
774 2126 1006 2193 querelas
1024 2123 1151 2179 fudit
1176 2165 1190 2186 ‚
1211 2127 1291 2179 sed
1317 2129 1500 2181 iterum
1536 2142 1706 2181 vacata
1726 2129 1773 2179 in
1795 2130 1965 2180 meuse
1989 2125 2248 2180 reservato
2271 2130 2452 2178 eadem

671 2196 955 2253 Parochiali
998 2194 1213 2247 Ecclesia
1266 2199 1346 2246 del
1362 2200 1570 2249 serrone
1593 2234 1606 2255 ‚
1643 2196 2072 2250 Eminentiffimus
2111 2198 2275 2249 Abbas
2318 2207 2453 2246 ratus

671 2283 771 2319 non
794 2265 889 2318 effe
917 2264 1133 2327 amplius
1156 2263 1494 2319 cunfiiandum
1515 2304 1528 2323 ‚
1554 2267 1984 2330 impedimentum
2010 2272 2058 2320 in
2080 2268 2282 2320 Dataria
2302 2279 2457 2329 appo-

669 2334 766 2389 suit
788 2371 802 2394 ‚
822 2350 883 2387 ne
903 2332 1195 2399 supplicatio
1215 2334 1455 2398 praeelefii
1480 2337 1539 2388 ad
1557 2333 1800 2402 Episcopo
1818 2331 2454 2390 relaxaretur.Eminentil-

668 2407 823 2458 fimus
840 2415 1009 2455 autem
1039 2402 1320 2455 Cardinalis
1341 2405 1705 2459 Pro-Datarius
1743 2423 1853 2460 rem
1874 2423 2087 2459 omnem
2111 2399 2455 2457 Eminentifli-

669 2475 774 2529 mis
790 2473 1016 2526 Patribus
1044 2471 1179 2523 Sacri
1198 2475 1343 2533 hujus
1365 2474 1651 2527 Tribunalis
1685 2476 2025 2529 definiendam
2045 2476 2214 2533 dedit,
2252 2476 2299 2527 &
2323 2487 2458 2524 nunc

672 2543 833 2597 Caula
857 2541 1150 2607 proponitur
1182 2577 1198 2593 .
1219 2540 1454 2608 Longum
1472 2545 1594 2596 effet
1614 2547 1663 2596 in
1685 2541 1816 2597 fafio
1844 2545 1909 2598 ita
1928 2546 2086 2613 longo
2106 2547 2321 2597 rationes
2340 2559 2457 2594 om-

673 2631 761 2669 nes
777 2611 1056 2666 exscribere
1074 2649 1088 2673 ,
1109 2612 1288 2676 quibus
1313 2609 1746 2667 Eminentiffimus
1779 2617 2039 2680 Abbasjus
2058 2612 2342 2669 collationis
2371 2610 2459 2661 fibi

673 2683 900 2739 vindicat
922 2719 936 2742 ‚
975 2682 1305 2745 nequicquam
1357 2684 1662 2736 obstantibus
1695 2683 1790 2737 suis
1824 2686 2072 2749 epistolis,
2109 2701 2225 2748 quas
2245 2683 2377 2734 male
2396 2681 2456 2730 ab

670 2750 918 2818 Episcopo
939 2752 1249 2808 interpretari
1268 2753 1746 2820 contendit.Legent
1768 2756 1984 2808 rationes
2006 2746 2459 2808 illasEminentiffi-

671 2822 748 2877 mi
767 2824 943 2877 Patres
967 2820 1015 2873 in
1034 2819 1136 2883 ejus
1158 2820 1341 2874 libello
1370 2854 1387 2882 ‚
1403 2837 1456 2876 ut
1474 2825 1519 2877 ἃ
1538 2825 1650 2876 illas
1676 2825 1920 2891 Episcopi,
1939 2826 1972 2876 fi
1989 2828 2048 2877 ab
2068 2843 2130 2876 eo
2151 2818 2455 2876 dabiturzni-

670 2893 742 2945 hil
763 2893 899 2945 enirn
927 2887 1162 2945 hafflenus
1191 2893 1458 2947 habuimus
1474 2898 1535 2947 ab
1557 2910 1619 2946 eo
1639 2931 1654 2947 .
1673 2895 1933 2950 Omnibus
1951 2907 2124 2948 autem
2150 2888 2409 2958 perspec‘tis
2434 2925 2452 2952 ‚

671 2961 903 3015 Dubium
928 2957 1166 3022 expedire
1190 2971 1461 3024 poterunt.

611 3026 769 3097 §gnfit
791 3032 1052 3084 relaxanda
1052 3030 1349 3099 supplicatio
1368 3038 1420 3085 in
1434 3035 1543 3102 casu
1566 3037 1673 3094 dvc.

750 3234 876 3292 Non
898 3235 1151 3305 proposita
1170 3270 1187 3289 0

2227 3644 2231 3647 ’
2249 3647 2466 3712 1NDEX
