2571 3961
26 189 164 234 ³755·
192 173 432 221 maturiori
453 171 662 219 examine
677 171 738 217 ob
757 181 876 218 nova
895 170 1083 220 adduCta
1098 173 1369 220 documenta
1389 174 1558 222 iterum
1585 175 1780 235 expensa
1799 210 1813 229 ,
1852 177 1893 223 δι
1916 121 1987 225 dx?

38 237 175 286 fcuss'a
197 238 263 284 ita
284 235 428 282 decisa
449 235 569 287 suit,
604 237 725 297 quod
755 233 973 280 nimirum
992 234 1339 285 Matrimonium
1379 237 1636 293 hujusmodi
1673 237 1850 286 irritum
1883 274 1897 293 ‚
1931 254 1982 288 ac

36 303 213 349 nullum
233 296 343 353 effer
365 333 378 353 ‚
406 313 456 345 ac
478 297 592 344 soret
611 334 625 351 ‚
643 308 780 360 atque
802 297 916 343 adeo
939 295 1282 350 dissolvendum
1300 315 1353 347 ea
1372 298 1614 360 praesertim
1637 299 1810 345 ratione
1828 336 1841 354 ,
1863 304 1982 364 quod

37 365 168 426 super
191 359 511 423 impedimento
531 359 732 421 duplicis
750 361 897 421 quarti
918 361 1078 421 gradus
1095 360 1504 423 consanguinitatis
1523 365 1644 410 inter
1662 376 1797 409 unam
1819 398 1831 415 ‚
1855 365 1896 409 δι
1917 363 1984 409 al·-

36 441 183 476 terum
213 427 526 480 intercedente
548 421 671 472 haud
695 423 826 473 satis,
859 434 998 481 at-iue
1022 422 1181 468 idonee
1198 426 1467 486 derogatum
1489 424 1644 473 suiss'et
1677 425 1722 469 in
1756 424 1986 487 dispensa-

35 493 168 538 tione
190 487 424 550 imper-rita
443 482 820 548 per'Apostolicas
841 484 889 532 in
914 485 1058 533 forma
1080 485 1235 531 Brevis
1255 487 1408 533 literas
1426 490 1497 534 die
1522 505 1590 535 12.
1611 484 1766 533 mensis
1785 489 1985 548 Septem-

34 554 136 602 bris
158 567 274 598 anno
314 565 444 606 ¹750·
469 550 630 597 datas.
663 547 899 610 Qoniam
932 560 1087 594 autem
1122 548 1378 602 hujusmodi
1399 549 1642 598 Resolutio
1678 566 1700 595 a
1735 563 1987 597 memorata

39 615 413 678 Congregatione
428 611 745 660 Cardinalium
761 612 893 670 super
909 610 1131 657 nullitate
1149 610 1254 656 dtur
1275 611 1565 660 Matrimonii
1588 613 1763 673 prolata
1784 613 1901 659 haud
1921 613 1986 660 sa-

40 680 102 726 tis
125 715 139 731 ‚
171 681 212 727 &
233 675 451 724 sufficiens
473 675 537 722 est
553 708 568 727 ,
598 687 651 723 ut
671 672 1007 719 contrahentes
1024 675 1283 719 omnimoda
1321 673 1535 723 libertate
1557 679 1780 735 gaudeant
1816 676 1988 724 transe-

42 742 151 790 undi
172 740 351 788 scilicet
367 774 382 793 ‚
415 751 467 786 ut
485 737 649 784 dicitur
667 769 679 788 ,
713 738 765 782 ad
789 733 978 781 secunda
1013 749 1122 783 vota
1141 771 1155 788 ,
1183 751 1285 783 cum
1306 734 1432 791 iuxta
1447 736 1837 785 Constitutionem
1876 739 1986 785 No·

40 807 176 854 stram
196 816 428 864 tamquam
460 798 662 862 regulam
681 833 695 859 ,
722 798 766 845 δι
782 809 991 846 normam
1013 799 1059 845 in
1079 796 1233 848 Causts
1256 799 1684 850 Matrimonssalibus
1722 800 1811 846 rite
1827 834 1841 852 ‚
1885 801 1989 847 san-

40 873 197 930 &teque
221 863 562 924 decidendisque
597 859 908 923 praescriptam
929 898 940 917 ,
978 874 1112 923 atque
1143 864 1253 911 alias
1271 863 1438 911 editam
1459 898 1472 916 ,
1513 865 1554 911 &
1594 861 1867 926 propositam
1890 863 1990 910 Re-

41 932 210 981 solutio
241 927 460 975 antedicta
493 940 572 985 per
605 924 746 972 aliam
764 923 1035 977 uniformem
1053 926 1374 975 resolutionem
1400 926 1689 981 confirmari,
1727 937 1862 987 atque
1900 930 1990 972 ite·-

42 1010 145 1044 rum
164 994 208 1039 in
226 991 403 1038 laudata
422 987 793 1049 Congregatione
813 986 1131 1037 Cardinalium
1153 988 1396 1038 necessario
1413 989 1640 1052 saepedicta
1660 989 1811 1038 Causa
1834 1003 1993 1048 repro·

47 1056 154 1120 poni
187 1052 350 1100 debeat
371 1067 386 1103 3
422 1050 549 1097 Hinc
571 1051 633 1100 est
650 1085 665 1104 ,
699 1051 821 1112 quod
842 1052 944 1099 Nos
964 1051 1083 1100 serio
1100 1053 1432 1100 considerantes
1454 1070 1543 1102 non
1565 1056 1708 1100 minus
1737 1065 1856 1098 nova
1879 1052 1993 1098 Par·

48 1122 162 1167 tium
180 1114 412 1178 dispendia
434 1149 446 1167 ,
476 1129 614 1177 quam
637 1115 847 1175 temporis
867 1115 1088 1170 jauuram
1137 1117 1185 1163 in
1221 1118 1306 1164 hac
1331 1115 1836 1163 MatrimonialiCausa
1869 1129 1892 1159 a
1924 1125 1992 1162 tot

43 1181 174 1228 annis
194 1178 368 1240 agitata
387 1175 491 1224 satis
511 1212 524 1230 ‚
558 1177 775 1240 superque
812 1180 858 1223 in
876 1191 1220 1241 opportunam,
1254 1196 1304 1227 ac
1335 1180 1635 1239 perniciosam
1661 1216 1672 1232 ,
1706 1180 1758 1224 de
1798 1176 1993 1224 consilio

43 1246 182 1292 etiam
204 1240 402 1296 eiusdem
422 1239 809 1304 Congregationis
827 1276 841 1293 ,
877 1242 1100 1303 postquam
1120 1244 1298 1290 libellos
1318 1276 1331 1294 ,
1349 1242 1568 1305 scriptura
1579 1245 1677 1305 sque
1697 1256 1779 1303 pro
1797 1253 1993 1302 utraque

44 1321 172 1372 parte
191 1304 385 1354 allatas,
419 1318 591 1349 necnon
623 1306 719 1350 aCta
755 1306 914 1352 omnia
943 1307 1027 1353 hoc
1052 1305 1098 1352 in
1120 1305 1378 1369 gravissimo
1398 1306 1589 1368 negotio
1612 1306 1817 1353 consetla
1853 1317 1997 1350 accu-

47 1383 141 1420 rate
160 1366 458 1429 expendimus
477 1403 490 1419 ‚
510 1367 552 1414 δι
573 1366 935 1416 examinavimus
952 1404 965 1421 ,
984 1370 1161 1416 tandem
1186 1371 1253 1417 die
1279 1386 1350 1429 27.
1370 1370 1591 1417 currentis
1614 1367 1771 1415 mensis
1790 1369 2000 1429 Septem·

47 1434 141 1484 bris
161 1432 414 1500 Decretum
434 1429 518 1500 liae
540 1431 668 1490 super
686 1446 736 1499 re
756 1428 982 1478 edidimus
1001 1468 1014 1485 ,
1050 1447 1132 1494 per
1154 1434 1273 1495 quod
1294 1433 1532 1480 sententiat
1573 1431 1764 1478 laudatae
1780 1432 1996 1491 Congre-

49 1494 245 1561 gationis
263 1492 465 1562 Conciltt
488 1492 1175 1560 consentientesdeclaravimus
1192 1532 1202 1545 ‚
1224 1513 1276 1544 ac
1295 1496 1529 1543 statuimus
1551 1492 1899 1541 Mat-simonium
1920 1507 1995 1538 an-

50 1560 267 1609 tediCtum
294 1566 413 1602 inter
435 1556 699 1603 Violantem
720 1556 957 1616 ,losepham
978 1595 990 1612 ,
1012 1560 1053 1605 ὅ(
1075 1558 1358 1607 Ludovicum
1383 1558 1661 1606 Franciscum
1685 1556 1873 1602 Nobiles
1891 1553 1995 1600 Lis-

49 1621 267 1670 bonenses
289 1620 596 1673 contractum,
631 1620 748 1673 eli'e',
775 1637 828 1667 ac
848 1622 940 1667 fore
964 1622 1174 1677 irritum,
1213 1624 1254 1668 ὅ(
1280 1623 1456 1670 nullum
1475 1659 1486 1675 ‚
1525 1635 1699 1667 necnon
1739 1634 1870 1665 unam
1903 1652 1915 1670 ,
1950 1617 2000 1663 δι·

50 1687 241 1732 alterum
270 1682 318 1728 in
348 1696 398 1728 ea
426 1683 609 1745 quidem
631 1683 894 1730 omnimoda
929 1685 1143 1734 libertate
1159 1684 1248 1731 esse
1268 1721 1279 1736 ‚
1314 1701 1367 1732 ac
1387 1685 1477 1732 fore
1497 1689 1549 1732 ad
1579 1684 1668 1729 alia
1707 1693 1811 1728 vota
1832 1717 1845 1734 ‚
1878 1695 1994 1738 quo·

51 1749 138 1796 ties
167 1761 282 1796 vero,
311 1743 438 1793 allud
475 1761 570 1793 non
606 1746 751 1792 obstet
785 1748 1057 1796 canonicum
1095 1748 1501 1806 impedimentum,
1539 1745 1710 1798 libere,
1749 1746 1790 1791 ἃ
1824 1744 1998 1791 licit&

51 1807 343 1859 transeundi:
380 1808 515 1870 Qod
542 1809 640 1855 sane
661 1809 918 1857 Decretum
939 1811 1104 1858 dilecto
1124 1812 1221 1858 filio
1241 1812 1461 1872 Magistro
1498 1811 1694 1872 Josepbo
1729 1806 1999 1854 Alexandro

49 1873 259 1923 Furietto
282 1870 479 1939 eiusdem
514 1871 903 1934 Congregationis
920 1873 1134 1922 Concilii
1174 1875 1427 1921 Secretario
1459 1876 1720 1921 tradendum
1755 1867 1998 1917 mandavi-

51 1953 152 1986 mus
178 1972 190 1989 ,
224 1947 272 1981 ut
289 1946 414 2003 'inter
433 1936 549 1981 Aeta
575 1935 813 1995 scepediCtae
832 1938 1216 1999 Congregationis
1250 1950 1523 1996 reponatur,
1559 1950 1607 1981 ac
1627 1934 1825 1980 servetur
1844 1963 1858 1977 .
1892 1935 1999 1977 An-

53 2001 267 2050 tediCtum
287 2010 441 2060 itaque
461 2000 713 2046 Decretum
736 2000 929 2048 nostrum
951 2036 963 2052 ,
996 2017 1085 2062 quo
1111 2000 1289 2047 firmius
1330 2000 1520 2047 subsistat
1538 2033 1552 2052 ,
1587 2002 1625 2042 8<
1657 1997 1859 2044 servetur
1885 2009 2000 2039 exa-

54 2067 166 2114 &tus
186 2097 199 2115 ,
233 2059 501 2122 Apostolica
520 2063 659 2107 etiam
677 2064 945 2109 auetoritate
965 2074 1129 2112 tenore
1154 2063 1436 2123 prxsentium
1465 2059 1780 2110 confirmamus
1801 2092 1814 2109 ,
1851 2054 2000 2102 illud·

54 2143 140 2190 qne
176 2122 444 2172 inviolabili
479 2124 766 2184 Apostolicae
793 2125 1022 2173 firmitatis
1059 2127 1227 2173 robore
1265 2126 1593 2172 communimus
1630 2158 1642 2169 .
1678 2123 2004 2168 Decernentes

58 2192 315 2239 Decretum
334 2186 571 2248 praesatum
593 2221 605 2238 ‚
640 2188 683 2233 8<
704 2190 940 2248 praesentes
961 2189 1130 2236 nostras
1150 2189 1310 2235 literas
1332 2186 1508 2243 semper
1526 2186 1668 2233 firmas
1687 2219 1700 2236 ,
1730 2183 1900 2229 validas
1923 2216 1936 2234 ,
1955 2185 1999 2230 ὅ(

53 2249 487 2302 efficacesexistere,
516 2251 555 2296 δι
578 2249 702 2301 fore,
736 2250 1167 2312 suosque-plenarios
1188 2288 1200 2305 ,
1235 2251 1502 2310 &integros
1540 2248 1718 2296 effectus
1740 2246 1919 2296 sortiri,
1954 2246 1998 2291 ὅ(

54 2317 260 2364 obtinere
282 2348 296 2367 ,
327 2311 545 2375 dtfflsque
565 2313 779 2358 V-iolanti
804 2314 1006 2375 josephe
1026 2350 1039 2368 ‚
1074 2318 1114 2363 ἃ
1135 2313 1377 2360 Ludovico
1398 2312 1638 2359 Francisco
1672 2311 1718 2356 in
1749 2308 1966 2355 omnibus
1985 2342 1997 2360 ,

56 2381 103 2427 8<
126 2393 200 2440 per
218 2375 375 2425 omnia
390 2376 643 2438 plenitlime
662 2374 896 2438 suffragari
917 2378 1086 2425 debere
1102 2396 1119 2429 ,-
1156 2376 1304 2436 sicque
1333 2410 1345 2430 ‚
1376 2376 1417 2421 δι
1440 2391 1530 2421 non
1552 2376 1685 2419 aliter
1706 2374 1752 2418 in
1775 2370 2002 2432 praemiffis

57 2458 136 2504 per
159 2441 471 2503 quoscumque
488 2439 665 2493 ‚ludices
690 2439 966 2489 Ordinatios
988 2476 998 2492 ,
1035 2443 1076 2488 ἂ
1100 2440 1358 2498 Delegatos
1375 2472 1388 2488 ,
1422 2449 1565 2483 ettam
1596 2434 1852 2481 Causarum
1869 2433 2002 2479 Pala·

58 2505 111 2550 tii
140 2501 391 2562 Apostolici
412 2502 666 2548 Auditores
689 2538 702 2556 ‚
737 2504 776 2550 ἃ
799 2503 966 2552 Sanetae
986 2501 1203 2550 Romanae
1225 2498 1427 2548 Ecclefiae
1444 2498 1709 2546 Cardinales
1728 2534 1739 2550 ‚
1758 2498 1798 2544 δι
1817 2511 2005 2542 eorum-

58 2569 158 2615 dem
176 2563 497 2613 Cardinalium
513 2564 920 2627 Congregationes,
941 2581 1114 2615 necnon
1138 2565 1413 2626 Apostolicae
1427 2562 1548 2609 Sedis
1577 2563 1793 2611 Nuntios,
1814 2560 1854 2605 &
1872 2557 2006 2620 quos-

60 2632 132 2677 vis
155 2629 267 2676 alios
286 2641 567 2688 quacumque
599 2629 940 2689 przeeminentia
956 2667 970 2684 ‚
1008 2631 1051 2675 &
1072 2629 1293 2691 potestate
1322 2626 1563 2688 fungentes
1580 2660 1594 2678 ,
1628 2625 1673 2670 δι
1690 2622 1918 2669 (υηὲἲιπος
1934 2623 2005 2677 iu-

62 2692 232 2744 dicari,
267 2693 307 2737 ἃ
328 2684 507 2737 definiri
532 2689 694 2737 debere
713 2725 726 2742 ,
760 2706 814 2739 ac
836 2693 1015 2740 irritum
1038 2727 1051 2744 ,
1085 2690 1283 2738 &inane
1308 2721 1318 2739 ‚
1353 2688 1575 2752 quidquid
1599 2685 1718 2733 secus
1735 2687 1863 2747 super
1897 2684 2006 2731 nisa

65 2769 295 2817 quoquam
327 2754 488 2813 quavis
521 2754 783 2799 auctoritate
804 2753 1033 2806 scienter,
1068 2751 1145 2799 vel
1180 2756 1441 2816 ignoranter
1470 2749 1711 2813 contigerit
1745 2750 1962 2793 attentari
1994 2782 2006 2794 .

68 2822 182 2866 N-on
203 2816 491 2864 obstantibus.
521 2816 829 2877 Apostolicis,
862 2833 915 2866 ac
956 2818 1001 2869 in
1044 2815 1419 2868 Universalibus,
1452 2811 1928 2871 Provincialibusque‚
1963 2812 2009 2857 &

20 2916 23 2918 .
67 2881 370 2943 Synodalibus
392 2877 623 2925 Conciltis
655 2879 794 2931 editis·
821 2880 1117 2942 generalibus
1138 2915 1149 2930 ‚
1182 2879 1258 2924 vel
1281 2875 1549 2940 specialibus
1563 2872 2007 2926 Constitutionibus,

69 2946 112 2992 δι
133 2941 507 2990 Ordinationibus
527 2974 540 2993 ‚
573 2943 618 2987 8<
635 2941 997 3006 quibuscumque
1025 2941 1130 2990 aliis
1150 2941 1367 2989 Decretis
1395 2941 1442 2986 in
1461 2955 1628 2999 genere
1649 2974 1663 2992 ,
1694 2936 1773 2984 vel
1804 2938 1847 2982 in
1866 2935 2024 2997 specie·

70 3017 148 3052 aut
168 3005 277 3051 alias
298 3004 341 3049 in
359 3005 641 3051 contrarium
661 3003 985 3064 praemissorum
1011 3004 1355 3068 quomodolibet
1373 3001 1686 3052 confirmatis,
1702 3001 1743 3047 δὲ
1763 2998 2011 3051 innovatis,

67 3067 610 3129 caeterisque‘contrariis
644 3067 1031 3132 quibuscumque.
1072 3067 1294 3114 Volumus
1316 3080 1501 3118 autem»,
1535 3076 1584 3112 ut
1617 3061 1875 3112 earumdem
1893 3076 2014 3124 pree-

69 3129 265 3177 sentium
284 3129 514 3175 literarum
533 3129 821 3191 transumptis
837 3167 849 3183 ‚
883 3135 960 3178 seu
980 3129 1201 3190 exemplis
1225 3130 1364 3176 etiam
1388 3127 1596 3189 impressis
1616 3160 1630 3179 ,
1663 3141 1798 3172 manu
1816 3126 2013 3180 alicujus

0 3207 1 3228 1
73 3192 259 3241 Notarii
279 3191 447 3252 publici
470 3192 722 3251 subscriptis
743 3228 756 3245 ,
790 3195 832 3240 δι
852 3192 1288 3257 figillopersonae·in
1309 3192 1551 3252 Dignitate
1571 3187 1872 3238 Ecclefiastica
1904 3201 2016 3232 con-

0 3269 12 3309 ι,
73 3255 243 3306 ἣὶῑωαε,
277 3253 467 3300 munitis
486 3254 646 3300 eadem
664 3255 852 3317 prorsus
888 3255 1326 3306 fidesadhibeatur,
1358 3253 1574 3317 quaeipfis
1592 3251 1885 3316 praesentibus
1920 3248 2015 3294 ad-

0 3310 12 3367 i
73 3317 309 3363 biberetur
330 3350 343 3367 ,
374 3314 407 3362 st
433 3316 578 3363 forent
600 3317 814 3365 exhibitae
832 3351 847 3370 ,
881 3319 952 3365 vel
977 3318 1162 3365 ostensae
1184 3354 1194 3365 .

137 3381 315 3430 Datum
347 3378 509 3427 Romae
537 3381 651 3441 apud
689 3381 895 3426 Sanctam
932 3382 1146 3428 Mariam
1173 3379 1400 3437 Maiorem
1435 3378 1515 3425 sub
1550 3377 1741 3427 Annulo
1773 3372 2028 3426 Piscatori-s-

0 3441 89 3498 ;die
113 3455 196 3502 30„
219 3443 496 3503 Septembris
514 3455 592 3504 175
603 3458 644 3497 5.
662 3441 959 3491 Pontificatus
996 3444 1137 3491 nostri
1156 3443 1300 3491 Anno
1319 3441 1653 3490 Decimosexto
1675 3476 1685 3489 .

151 3567 296 3620 Loco
319 3569 592 3625 ffi-Ammti
620 3570 886 3625 Piscatoris
911 3606 926 3621 .

995 3637 1231 3699 cajetanus
1269 3643 1481 3685 Amatur
1511 3678 1524 3689 ,

282 3700 567 3751 Tomxaw.
1193 3698 1232 3744 L
1269 3710 1295 3742 2
1830 3699 1851 3745 1
1885 3696 1964 3746 N-
