2571 3961
664 181 725 215 72

661 217 1020 282 declarandum
1043 226 1139 277 effe
1165 224 1421 279 incursum
1460 229 1509 280 in
1529 227 2130 284 excommunicationem
2151 232 2308 286 latam
2329 252 2354 287 a
2378 253 2460 289 ca-

661 314 794 349 none
815 333 828 355 ,
863 297 907 348 8<
948 299 996 347 in
1020 295 1453 361 irregularitatem
1480 331 1494 352 ‚
1534 299 1671 358 quod
1694 296 1824 350 sacra
1846 301 2009 366 egerit
2033 305 2444 356 excommunica-

667 378 745 417 tus
770 402 785 414 .
819 366 1071 431 Explorati
1094 364 1334 427 liquidem
1350 365 1477 428 juris
1495 367 1589 416 esse
1605 367 1665 418 ad
1684 371 1952 422 anathema
1980 370 2344 422 incurrendum
2371 371 2446 426 sa-

667 436 727 487 tis
751 435 847 486 esse
863 434 1142 512 quamlibgt
1162 433 1407 485 incuriam
1431 470 1445 493 ,
1465 435 1514 485 &
1539 437 1910 491 contumeliam
1931 472 1947 495 2
1965 456 2072 504 quae
2100 438 2444 492 Ecclefiasticae

667 503 891 556 Personae
912 492 1149 554 inferattir
1186 502 1286 553 five
1306 505 1535 555 manibus
1558 539 1571 563 ,
1609 505 1705 557 five
1730 506 1936 570 pedibus
1961 547 1975 571 ,
2017 509 2117 559 five
2139 521 2248 560 toto
2268 527 2448 575 corpo-

669 588 724 625 re
752 609 765 633 ,
795 589 899 638 quae
932 572 1137 638 gravior
1177 573 1332 624 etiam
1354 571 1411 623 fit
1432 606 1447 630 ‚
1483 571 1705 637 speciatis
1725 575 2108 630 circumstantiis
2133 580 2236 630 loci
2256 612 2273 638 ‚
2310 593 2449 631 tem-

668 644 821 707 poris,
843 642 890 689 &
912 642 1227 698 adstantium,
1247 653 1300 693 ut
1322 642 1528 696 tradunt
1547 643 1749 698 collef‘ri
1775 664 1800 698 a
1820 649 2027 714 Sperelb.
2049 652 2143 700 dec.
2175 651 2448 715 Ecclefizo.

668 714 890 761 num.28.
906 713 969 767 (ὃν
985 715 1174 776 dee.45.
1196 730 1224 761 a
1246 728 1465 778 num.34.
1494 730 1574 779 ςς.
1596 718 1658 771 ᾤ’
1680 723 1766 782 69.
1804 716 1950 768 Unde
1967 751 1983 778 ,
2019 734 2137 770 cum
2162 717 2444 771 Canonicus

667 780 902 845 Papinius
930 779 1294 832 contumeliam
1328 782 1555 834 intulerit
1588 785 1970 839 Archidiacono
2010 788 2292 851 premendo
2327 805 2446 840 eum

669 846 766 902 suis
786 852 1010 905 humeris
1032 853 1082 902 in
1101 849 1220 904 loco
1239 849 1605 917 angustissimo,
1638 854 1758 906 dum
1789 860 1969 917 staret,
2000 859 2044 910 ὃ(
2068 853 2279 908 sedendo
2300 855 2445 918 {uper

667 935 773 980 eius
795 919 1003 986 genibus
1019 954 1033 978 ‚
1072 930 1126 970 ut
1150 921 1214 970 ita
1233 933 1350 971 eum
1368 921 1698 987 compelleret
1717 923 1776 974 ad
1795 926 1912 978 loco
1929 927 2215 980 cedendum
2241 960 2256 982 ,
2274 943 2331 977 ex
2349 943 2447 991 qua

666 990 982 1040 contumelia
1002 1025 1016 1047 ,
1039 988 1088 1040 &
1108 1000 1405 1053 contemptu
1428 1007 1605 1056 magna
1630 991 1768 1045 illata
1788 990 1940 1046 fuerit
1960 995 2337 1048 Archidiacono
2362 1013 2448 1047 ve-

667 1057 902 1110 recundia
923 1095 938 1118 ‚
973 1060 1022 1111 &
1058 1073 1116 1110 ex
1147 1058 1532 1113 circumstantiis
1560 1062 1660 1113 loci
1684 1099 1696 1121 ,
1732 1064 1974 1129 temporis
1995 1103 2011 1127 ‚
2047 1066 2097 1117 &
2129 1064 2447 1129 personarum

665 1128 965 1182 adstantium
982 1163 996 1186 ‚
1034 1127 1260 1181 Ecclefiae
1281 1145 1462 1195 nempe
1484 1168 1499 1190 ‚
1519 1130 1640 1182 Festi
1664 1171 1679 1196 ‚
1700 1132 1743 1184 8<
1765 1131 2021 1197 Capituli,
2062 1150 2116 1185 ac
2142 1134 2315 1197 Populi
2337 1136 2446 1186 uni-

665 1198 796 1249 vetfi
816 1231 830 1255 ‚
863 1198 944 1263 qui
966 1208 1073 1250 erat
1099 1198 1146 1248 in
1166 1197 1381 1251 Ecclesia
1405 1239 1422 1265 ,
1456 1199 1592 1251 aneta
1619 1197 1769 1253 fuerit
1791 1242 1807 1268 ,
1846 1206 1895 1256 ὃς
1919 1206 2122 1269 gravior
2150 1203 2334 1255 reddita
2374 1206 2449 1256 in·-

658 1268 802 1333 juria‚
819 1270 1008 1334 ambigi
1029 1283 1127 1322 non
1147 1265 1290 1331 poffit
1314 1269 1556 1322 eumdem
1576 1270 1889 1326 Canonicum
1913 1274 2168 1339 Papinium
2197 1274 2246 1322 in
2272 1269 2450 1324 censu·

669 1354 747 1392 ras
784 1338 1070 1390 incurrisse.
1105 1338 1223 1389 Haec
1246 1349 1394 1404 atque
1427 1339 1526 1392 alia
1550 1342 1953 1398 Archidiaconus
1995 1363 2005 1398 :
2043 1360 2070 1396 a
2092 1342 2297 1407 Papinio
2319 1340 2443 1394 nihil

665 1410 928 1461 habuimus
949 1442 964 1456 .
1004 1407 1227 1458 Dubium
1249 1412 1315 1459 ost
1336 1445 1351 1459 .
2194 1444 2197 1445 ν

601 1476 684 1533 Aa
703 1478 963 1533 Canonicus
984 1476 1157 1542 Jofiph
1175 1477 1359 1544 Papini
1371 1478 1442 1539 sit
1465 1482 1782 1533 declarandus
1800 1488 2021 1552 incursus
2040 1488 2094 1536 in
2111 1487 2324 1552 censuras
2346 1515 2361 1542 2
2381 1483 2444 1540 ἐν

666 1552 1093 1616 irregularitatem
1112 1547 1364 1614 rqueffiive‘
1386 1553 1438 1599 in
1459 1551 1574 1614 casu
1594 1555 1701 1609 &a

737 1755 920 1814 Dilata
942 1756 1005 1809 ad
1029 1756 1254 1825 primam
1276 1758 1385 1827 post
1406 1776 1560 1828 aquas
1582 1757 1740 1815 etIam
1766 1760 1919 1819 unica
1942 1765 1959 1816 ἐ

279 2046 551 2097 Sal-mmor&
712 2031 1207 2093 ENEVENTANA
1239 2040 1709 2099 PAROCHIALIS
1737 2065 1748 2100 ε
1789 2045 1988 2099 Indicio
2008 2039 2252 2096 concursu
2289 2040 2349 2093 ad
2370 2046 2454 2097 va'·

280 2099 411 2150 aeres.
731 2123 934 2164 cantem
969 2109 1239 2164 Ecclefiam
1271 2110 1836 2183 Archipresbyteralem
1891 2112 2179 2170 Torrccufii
2217 2112 2318 2164 duo
2351 2129 2453 2177 prae

670 2182 861 2234 caeteris
880 2182 923 2231 ei
948 2195 1137 2231 nomen
1159 2182 1410 2233 dederunt
1442 2186 1733 2238 Sacerdotes
1754 2187 2009 2239 Antonius
2036 2184 2225 2235 Faenza
2258 2192 2452 2234 exterus

672 2249 877 2314 quidem
902 2288 918 2311 ‚
957 2246 1038 2301 sed
1057 2249 1140 2313 qui
1162 2250 1210 2300 in
1231 2254 1407 2302 eadem
1428 2254 1643 2306 Ecclefia
1666 2259 1976 2309 OEconomus
2002 2250 2160 2305 fuerat
2183 2287 2195 2307 ‚
2237 2250 2277 2299 ὅ(
2301 2251 2458 2302 Fran·

672 2315 828 2371 ciscus
851 2317 913 2368 de
936 2318 1213 2369 Ambrofio
1234 2320 1380 2372 Civis
1399 2359 1413 2382 ‚
1453 2336 1597 2374 aetate
1623 2328 1821 2390 gravior
1844 2360 1858 2384 ‚
1885 2327 2117 2391 probatus
2141 2317 2458 2371 secundo-lo-

671 2406 736 2442 co
761 2391 809 2439 in
829 2386 930 2439 alio
948 2384 1194 2439 concursu
1216 2405 1243 2440 a
1267 2388 1525 2441 Cardinali
1548 2393 1729 2446 Cincio
1752 2390 2154 2456 Archiepiscopo
2177 2425 2190 2443 ν
2227 2388 2276 2435 8(
2296 2406 2453 2452 (luem

669 2457 850 2512 Clerus
869 2457 1037 2509 omnis
1059 2495 1075 2520 ‚
1110 2468 1259 2520 atque
1289 2459 1908 2514 UniversitasTorrecufii
1929 2464 2205 2513 Parochum
2244 2459 2458 2518 postula-

669 2531 792 2581 bant
814 2565 828 2578 .
865 2526 1074 2578 Novem
1111 2525 1246 2580 casus
1283 2529 1518 2593 propositi
1548 2528 1753 2584 fuerunt
1774 2550 1790 2591 3
1821 2529 2101 2595 cunfflsque
2135 2527 2340 2590 expletis
2377 2527 2461 2581 di‘-

671 2601 821 2666 gnior
839 2597 1162 2652 renunciatus
1182 2595 1276 2650 fuit
1295 2600 1551 2651 Antonius
1573 2602 1765 2656 Faenza
1786 2640 1800 2661 ‚
1836 2606 2121 2666 reprobatus
2159 2599 2287 2648 vero
2310 2598 2460 2649 Fran-

671 2669 828 2722 ciscus
848 2667 908 2718 de
930 2667 1204 2718 Ambrosio
1225 2705 1238 2719 .
1254 2666 1563 2720 Commovit
1594 2674 1697 2724 haec
1718 2671 2007 2740 reprobatio
2030 2669 2448 2724 Univerfitatem‚

671 2755 778 2803 quae
801 2734 977 2788 frustra
999 2737 1134 2797 licet,
1154 2737 1341 2789 obstitit
1363 2750 1530 2789 tamen
1551 2741 1599 2791 in
1620 2742 1823 2796 Dataria
1841 2737 2144 2804 expeditioni
2172 2737 2451 2792 Bullarum‚
2534 2806 2537 2809 ῃ

668 2805 994 2870 obtinuitque
1017 2806 1216 2857 tantum
1244 2842 1260 2865 ‚
1297 2819 1352 2858 ut
1385 2824 1531 2873 agere
1555 2812 1706 2873 poffet
1748 2811 1797 2863 in
1837 2813 1935 2861 hoc
1971 2811 2124 2861 Sacro
2143 2805 2413 2858 Tribunali
2434 2840 2448 2856 .

671 2875 817 2929 Afris
852 2875 1009 2942 igitur
1027 2878 1295 2927 concursus
1329 2880 1544 2938 receptis
1562 2909 1579 2935 ,
1613 2881 1752 2934 caula
1782 2897 1912 2933 nunc
1934 2879 2231 2945 proponitur
2247 2878 2443 2952 duobus

671 2946 877 3010 quidem
900 2946 1076 3000 Dubiis
1099 2945 1323 2997 instructa
1341 2982 1356 3006 ‚
1389 2945 1469 2998 sed
1491 2965 1706 3013 quorum
1733 2952 1953 3015 primurn
1979 2985 1993 3006 ,
2029 2947 2160 3013 quod
2198 2944 2259 2996 de
2280 2945 2438 2997 null1-

674 3025 780 3066 tate
801 3018 869 3065 est
888 3050 901 3069 ‚
939 3015 1185 3066 inutiliter
1203 3018 1263 3067 ab
1284 3017 1518 3068 Antonio
1539 3019 1728 3071 Faenza
1749 3018 2023 3083 disputatur
2041 3052 2059 3078 ‚
2097 3032 2211 3065 cum
2253 3018 2299 3067 in
2316 3013 2439 3066 raetis

674 3082 847 3135 emissa
862 3078 1017 3136 fuerit
1037 3086 1351 3138 renunciatio
1375 3103 1387 3138 ε
1425 3087 1669 3141 Alterum
1693 3092 1812 3142 vero
1835 3088 2017 3152 partim
2053 3085 2114 3138 ad
2138 3080 2454 3137 Franciscum

674 3152 739 3205 de
758 3153 1030 3204 Ambrofio
1053 3187 1068 3208 ‚
1086 3155 1264 3218 partim
1284 3157 1344 3207 ad
1367 3157 1764 3212 Univerfitatem
1787 3156 1972 3223 Oppidi
1999 3156 2214 3220 pertinet
2240 3190 2254 3205 .
2271 3151 2457 3217 Dispu-

674 3233 747 3275 tat
769 3218 1052 3274 Franciscus
1070 3223 1468 3286 praeeleffionem
1492 3227 1870 3294 Archiepiscopi
1890 3243 1986 3277 non
2009 3238 2290 3288 congruere
2316 3223 2453 3294 reciae

673 3291 880 3353 rationi,
897 3290 1018 3343 dum
1038 3294 1313 3355 reprobato
1331 3293 1463 3348 Cive
1483 3294 1694 3356 seniore,
1714 3298 1985 3362 approbato
2002 3296 2052 3346 in
2067 3294 2168 3346 alio
2187 3288 2453 3346 concursu,

603 3407 610 3419 ,
676 3360 966 3423 postulatoa
986 3359 1180 3426 Populo
1199 3396 1213 3421 ,
1237 3362 1283 3413 81
1303 3361 1486 3423 Clero,
1519 3366 1873 3419 concionatore
1892 3405 1908 3430 ,
1943 3368 1992 3418 &
2029 3382 2054 3416 a
2084 3358 2283 3414 secretis
2311 3361 2456 3437 Con-
2504 3375 2506 3380 ·

678 3430 980 3492 gregationis
1000 3463 1013 3488 ,
1049 3446 1154 3496 quae
1169 3434 1377 3484 habetur
1394 3434 1456 3485 de
1477 3434 1762 3504 Theologia
1785 3435 1968 3488 morali
1990 3470 2003 3492 ‚
2043 3433 2088 3484 &
2115 3433 2308 3483 Ritibus
2332 3467 2345 3489 ,
2382 3430 2455 3480 di·

679 3495 912 3559 gniorem
932 3501 1181 3553 censuerit
1198 3514 1424 3555 exterum
1445 3538 1458 3562 ‚
1486 3504 1741 3567 juniorem
1762 3544 1778 3569 ‚
1800 3504 1994 3569 Populo
2018 3503 2234 3555 invisum
2251 3539 2266 3564 ‚
2290 3511 2450 3565 neque
2469 3559 2472 3564 .

678 3562 902 3616 dostrina
925 3600 940 3625 9
976 3584 1082 3634 quae
1104 3580 1277 3627 tamen
1298 3570 1485 3641 ultimo
1503 3574 1620 3631 loco
1637 3571 1891 3643 spectanda
1910 3575 1975 3626 est
1994 3607 2010 3635 ‚
2042 3571 2449 3638 praestantiorem,

2332 3655 2452 3694 cum
