2571 3961
519 196 583 237 ’68

516 247 695 300 Praeficti
720 282 733 301 ,
766 255 815 292 ut
833 255 1024 290 examen
1041 273 1054 291 ‚
1091 239 1137 285 &
1157 233 1494 296 inquisitionem
1513 233 1564 278 de
1586 231 1673 276 hoc
1699 230 1928 279 veneficio
1954 233 2216 284 instauraret
2233 270 2246 283 .
2293 237 2461 287 Peritis
2535 229 2545 237 ⁹

515 315 683 362 iterum
716 305 981 355 examinatis
1000 338 1013 355 ,
1046 302 1161 345 idem
1180 311 1336 344 eorum
1363 296 1454 340 'fUi't
1488 294 1707 349 indlcfflffl
1728 325 1742 342 ο
1775 297 1818 340 3(
1836 310 1892 341 CX
1915 299 2120 357 corporis
2154 298 2422 360 inspectione
2443 337 2459 355 ‚

512 391 570 421 ex
589 373 729 418 morbi
755 368 976 431 principio
1002 399 1014 416 ,
1044 358 1307 425 progreffu3
1339 360 1380 403 δι
1413 357 1535 406 fine,
1567 371 1624 423 ex.
1653 355 1861 402 omnibus
1892 355 2246 418 fimptomatibus
2286 367 2453 413 veneni

515 434 815 498 suspicionem
830 425 1135 476 excluserunt:
1175 422 1432 467 inimicitiae
1450 451 1464 469 ,
1490 418 1539 484 &z-
1564 432 1696 463 minae
1726 433 1816 463 non
1847 417 2030 465 fuerunt
2047 425 2242 480 proba-tae
2278 460 2292 476 ,
2325 430 2454 477 testes

516 496 690 544 adducti
709 511 798 541 non
823 492 966 538 solum
986 496 1212 544 negarunt
1230 479 1388 528 vidisse
1410 480 1777 542 propinationem
1796 483 1986 533 veneni,
2025 483 2095 528 sed
2133 500 2186 531 ex
2216 502 2368 534 eorum
2386 490 2459 536 di».

517 560 598 606 ctis
621 557 770 606 omnis
787 550 976 601 evanuit
995 545 1251 607 imaginarii
1270 544 1440 590 veneni
1458 541 1647 602 suspicio
1665 576 1678 595 ,
1709 542 1824 588 itaut
1836 543 1976 590 etiam
1995 545 2049 590 ab
2074 546 2298 597 hocnovo
2326 551 2455 605 judi..

517 638 571 669 ce
589 617 786 667 absoluti
806 611 976 661 fuerint
1001 621 1192 668 uterque
1217 606 1451 654 accusa-tus
1470 639 1480 649 .
1792 665 1796 667 λ
2502 657 2505 665 ⁴

456 685 616 746 Longe
646 695 756 728 vero
774 676 863 724 sese
893 689 960 720 res
980 670 1144 717 habuit
1170 672 1216 716 in
1249 669 1392 716 Curia
1416 667 1667 728 Episcopali
1692 703 1705 721 ‚
1737 667 1784 713 in
1801 683 1885 728 qua
1906 668 2154 724 iurisdictio
2180 674 2238 720 ad
2264 674 2459 736 capien-

518 751 616 793 dam
638 737 997 788 informationem
1015 734 1219 795 delegata
1245 732 1334 778 fuit
1367 731 1639 793 Honuphrio
1660 731 1877 778 Salerno.
1918 732 2037 783 Hic,
2063 748 2118 780 ut
2147 735 2346 784 referunt
2376 736 2457 797 ipfi

518 806 644 853 testes
661 840 673 857 ‚
706 803 841 849 minis
859 837 872 853 ,
908 802 951 845 &
973 798 1229 845 verberibus
1252 795 1418 842 terruit
1433 795 1562 842 testes
1581 827 1594 844 ‚
1619 806 1670 840 >ut
1685 797 1736 840 de
1754 793 1955 841 venefico
1977 800 2274 857 deponerent:
2317 799 2462 846 Com·

518 870 662 932 pilato
685 863 882 928 processu
906 858 1195 908 informativo
1214 857 1367 903 mensis
1387 857 1563 903 silentio
1581 856 1821 903 transacius
1841 856 1929 904 est*⁴
1971 858 2153 906 Interim
2174 877 2199 906 a
2231 861 2456 910 Conferte

518 944 710 978 vocatus
726 928 814 975 fuit
830 927 1061 971 Promotor
1080 920 1261 967 Fiscaiis
1275 920 1426 966 Curias
1444 918 1715 979 Episcopalis
1740 920 1968 968 Lucerin‘ae
1983 924 2037 967 ad
2057 923 2334 972 audiendam
2354 924 2457 971 sen-

520 993 708 1040 tentiam
726 992 897 1036 deloco
914 983 1274 1047 participationis
1292 982 1337 1028 in
1351 981 1495 1028 Curia
1514 981 1868 1041 Metropolitana
1891 982 2205 1032 beneventana
2225 1022 2235 1036 ‚
2274 989 2320 1033 in
2334 1003 2422 1049 qua
2440 1023 2459 1043 ,

519 1070 572 1104 ut
607 1056 732 1115 supra
753 1051 1030 1097 narravimus
1049 1084 1061 1100 ,
1086 1046 1234 1094 Causa
1266 1045 1484 1106 pendebat
1505 1079 1515 1092 .
1557 1041 1694 1088 Tunc
1728 1043 1948 1091 silentium
1970 1047 2148 1107 abrupit
2178 1049 2326 1097 Curia
2359 1051 2455 1098 Ec·-

518 1117 754 1166 clesiastica
775 1112 998 1161 Lucerina
1021 1111 1067 1157 in
1087 1107 1234 1156 Causa
1252 1107 1466 1154 veneficii
1486 1142 1498 1159 ,
1534 1108 1575 1152 &
1611 1105 1740 1152 illico
1761 1108 1924 1152 citatus
1944 1108 2031 1164 fuit
2045 1110 2292 1158 Confortus
2313 1114 2453 1159 adin-

519 1180 803 1228 formandum
826 1213 838 1230 ,
872 1172 1041 1222 dimissa
1059 1174 1177 1218 domi
1196 1173 1291 1229 ejus
1318 1171 1445 1231 copia
1473 1169 1703 1217 citationi-s
1774 1169 1824 1214 ln
1852 1169 1920 1224 jus
1950 1172 2075 1217 venit
2104 1173 2359 1221 Leonardus
2381 1176 2453 1222 ci·

520 1245 603 1290 tati
638 1243 782 1289 frater
815 1241 1012 1300 allegans
1035 1235 1186 1282 fratris
1215 1234 1464 1282 absentiam
1485 1268 1498 1286 ,
1535 1234 1650 1293 quod
1673 1230 1923 1279 Beneventi
1954 1231 2062 1279 esset
2091 1251 2222 1296 agens
2260 1239 2453 1285 civilem

518 1306 711 1356 Causam
728 1303 785 1350 de
818 1298 916 1349 loco
953 1298 1314 1361 participationis
1333 1332 1346 1350 ,
1377 1295 1446 1342 sed
1466 1297 1532 1341 his
1555 1295 1708 1356 spretis
1727 1330 1738 1347 ‚
1776 1293 1983 1342 accusata
2010 1294 2099 1342 fuit
2120 1294 2258 1358 prima
2289 1312 2453 1347 contu—

519 1368 690 1414 macia„
722 1364 966 1412 Consortus
989 1378 1037 1408 re
1064 1375 1149 1422 per
1169 1359 1357 1408 fratrem
1375 1359 1558 1419 cognita
1578 1394 1588 1409 ‚
1621 1356 1811 1403 Curiam
1840 1356 2148 1417 Episcopalem
2172 1394 2184 1412 ,
2208 1355 2451 1424 'ipsumque

523 1430 786 1491 Episcopum
824 1427 1066 1485 suspectum
1099 1424 1351 1486 allegavit,
1386 1419 1590 1481 expositis
1619 1419 1881 1481 suspicionis
1905 1421 2070 1474 causis,
2106 1423 2148 1468 &
2181 1423 2455 1472 arbitrorum

520 1495 785 1539 electionem
808 1489 1053 1553 postulavit
1070 1523 1081 1539 ‚
1105 1487 1183 1549 qui
1204 1490 1353 1548 capita
1377 1484 1637 1545 suspicionis
1655 1482 2035 1546 recognoscerent
2057 1486 2107 1530 ad
2125 1483 2315 1531 formam
2327 1486 2457 1532 Con-

520 1557 614 1603 ciiii
656 1552 957 1601 Provincialis
984 1552 1090 1598 anni
1120 1559 1249 1607 1693.
1272 1562 1366 1613 cap.
1385 1563 1430 1595 2.
1452 1554 1532 1595 tit.
1560 1562 1628 1610 133
1657 1550 1708 1594 de
1738 1548 1933 1593 arbitris
1955 1583 1966 1599 ,
2000 1545 2299 1607 exhibuitque
2336 1547 2458 1594 Leo-

522 1621 684 1665 nardus
710 1618 861 1662 eodem
881 1628 1083 1675 tempore
1105 1613 1398 1660 Medicorum
1420 1610 1838 1657 Beneventanorum
1858 1607 2196 1656 testificationes
2212 1642 2226 1661 ‚
2256 1625 2279 1655 e
2297 1610 2459 1669 quibus

522 1682 747 1728 constabat
770 1678 1060 1725 Franciscum
1087 1674 1358 1722 Consortum
1377 1673 1493 1720 febri
1515 1672 1726 1719 laborare
1753 1704 1765 1723 ,
1802 1672 2029 1733 postulans
2050 1672 2252 1734 aliquam
2269 1671 2462 1718 dilatio-

522 1761 626 1790 nem
649 1779 659 1796 ‚
692 1758 794 1789 cum
815 1757 903 1787 non
920 1739 1057 1797 posset
1088 1739 1349 1787 Franciscus
1367 1736 1456 1783 sese
1476 1735 1644 1793 iudicio
1658 1733 1802 1781 sistere
1820 1736 1864 1780 in
1883 1733 2092 1796 Civitate
2114 1737 2308 1782 Luceriae
2329 1769 2341 1786 ,
2366 1746 2464 1781 tum

522 1819 700 1869 propter
723 1806 928 1852 locorum
946 1802 1199 1849 distantiam
1223 1838 1234 1852 ,
1267 1813 1362 1847 tum
1382 1813 1565 1861 propter
1589 1800 1703 1844 aeris
1724 1797 2079 1843 insalubritatem
2096 1833 2110 1851 ,
2142 1810 2236 1843 tum
2274 1810 2466 1860 propter

524 1871 840 1931 aegritudinem
860 1903 873 1922 ‚
907 1881 994 1929 qua
1016 1866 1334 1915 detinebatur3
1372 1863 1548 1909 Frustra
1579 1874 1730 1908 tamen
1756 1860 1846 1906 haec
1864 1861 2016 1906 omnia
2040 1896 2052 1913 ‚
2090 1875 2194 1907 nam
2227 1861 2367 1908 Curia
2390 1862 2466 1907 Ec-
2506 1870 2510 1874 ’

523 1932 796 1981 clesiastica,
841 1929 1043 1977 accusata
1084 1927 1304 1980 secunda,
1339 1927 1380 1972 &
1416 1924 1552 1971 tertia
1585 1923 1902 1975 contumacia,
1929 1922 2200 1970 Consortum
2234 1924 2465 1970 damnarit

526 1998 572 2043 in
590 1999 761 2040 ducatis
787 2009 889 2047 500.
906 2029 916 2044 ‚
948 2007 1045 2053 quae
1067 2007 1197 2049 poena
1217 1991 1383 2036 indieta
1405 1988 1554 2034 fuerat
1576 1989 1622 2034 in
1644 1995 1863 2033 citatione
1884 1985 1941 2032 ad
1960 1986 2289 2032 informandum
2310 2023 2316 2028 .
2365 1988 2467 2046 Ap·
2498 2025 2502 2028 .

531 2059 726 2116 pellavit
746 2055 990 2103 Consortus
1010 2053 1062 2100 ad
1078 2053 1274 2100 Curiam
1305 2051 1714 2111 Metropolitanam
1733 2050 1872 2096 etiam
1894 2049 2116 2108 excapite
2136 2050 2366 2111 denegatae
2388 2048 2466 2104 ju-

527 2123 656 2168 stitia:
678 2155 689 2170 ‚
724 2123 838 2181 quod
859 2133 924 2163 ter
943 2116 1177 2164 instetisset
1195 2152 1208 2169 ,
1234 2128 1284 2162 ut
1304 2115 1460 2161 arbitri
1481 2115 1754 2176 eligerentur
1773 2145 1786 2160 .
1826 2112 2053 2158 Exhibitis
2077 2112 2228 2160 literis
2247 2112 2466 2165 inhibito·-

527 2183 719 2232 rialibus
740 2182 891 2228 Curiae
911 2179 1272 2238 Metropoliticae
1298 2213 1311 2230 ,
1345 2179 1589 2225 Promotor
1609 2175 1792 2222 Fiscalis
1812 2175 1962 2222 Curiae
1982 2174 2298 2222 Ecclesiasticae
2321 2175 2467 2221 Luce-

529 2249 641 2294 rinae
670 2247 876 2306 querelas
896 2245 1059 2290 detulit
1080 2243 1132 2286 ad
1152 2243 1237 2288 hoc
1256 2242 1438 2288 Sacrum
1458 2239 1690 2287 Tribunal
1709 2274 1721 2291 ,
1759 2244 1879 2300 quoi
1902 2238 1948 2283 in
1969 2239 2052 2284 hac
2084 2238 2370 2284 admittenda
2387 2252 2467 2297 ap-

529 2309 777 2371 pellatione
796 2308 974 2354 servata
993 2320 1085 2352 non
1099 2305 1239 2351 fuerit
1256 2304 1436 2350 aCuria
1459 2301 1824 2364 Metropolitana
1843 2299 1984 2347 forma
2003 2300 2176 2347 tradita
2197 2311 2289 2348 tum
2311 2316 2336 2345 a
2366 2298 2469 2347 [ri-

531 2371 715 2418 dentino
734 2405 747 2422 ‚
773 2384 867 2416 tum
889 2376 945 2417 ab
973 2367 1245 2427 Apostolicis
1263 2365 1680 2414 Constitutionibus
1699 2400 1713 2417 ,
1744 2364 1970 2426 petiitque
1996 2399 2007 2416 ‚
2041 2376 2090 2410 ut
2110 2364 2260 2410 Curiae
2283 2362 2466 2426 Episco-

531 2435 628 2497 pali
651 2433 839 2480 facultas
859 2437 1036 2481 daretur
1065 2430 1329 2490 procedendi
1348 2430 1482 2485 usque
1516 2429 1569 2475 ad
1588 2427 1857 2474 sententiam
1887 2425 2199 2473 definitivam.
2235 2427 2358 2472 Data
2379 2424 2467 2471 fuit
2513 2435 2522 2437 “

533 2496 722 2560 epistola
743 2499 792 2542 ad
821 2493 1220 2550 Eminentiffimum
1255 2493 1622 2539 Beneventanum
1647 2488 2050 2550 Archiepiscopum
2073 2525 2084 2540 ‚
2119 2490 2189 2536 sed
2210 2489 2386 2535 interim
2417 2490 2469 2535 ab

533 2560 631 2620 ipso
652 2559 842 2606 Ecclesia
860 2557 1037 2605 dimissa
1058 2591 1069 2608 ,
1098 2558 1358 2614 rescriptum
1379 2555 1506 2603 suita
1524 2569 1643 2601 novo
1664 2551 2021 2613 Archiepiscopo
2040 2588 2051 2604 ‚
2074 2552 2219 2613 quide
2239 2551 2306 2598 his
2329 2587 2342 2605 ,
2373 2566 2471 2612 quae

533 2621 652 2683 gesta
673 2625 771 2668 sunt
789 2638 833 2667 in
853 2621 994 2668 Curia
1011 2619 1315 2666 Ecclesiastica
1337 2621 1556 2664 Lucerina
1579 2652 1589 2669 ,
1618 2616 1733 2662 nihil
1751 2615 1911 2665 habet,
1941 2615 2116 2661 defeetu
2136 2613 2356 2675 processus
2377 2613 2471 2660 cri·

533 2687 748 2737 ruinalis,
780 2686 908 2740 cujus
925 2684 1103 2742 copiam
1136 2682 1245 2728 dare
1269 2681 1423 2727 renuit
1453 2678 1688 2741 Episcopus
1708 2710 1722 2724 0
1753 2676 1900 2724 Causa
1935 2695 2050 2726 nunc
2082 2679 2356 2741 proponitur
2380 2711 2392 2728 ,
2429 2677 2474 2722 δι

535 2749 727 2807 disputat
743 2746 991 2794 Consortus
1021 2744 1320 2792 sustinendam
1338 2745 1526 2791 omnino
1547 2740 1631 2790 effe
1652 2740 2001 2800 appellationem
2019 2776 2031 2793 ‚
2052 2742 2252 2801 quamad
2281 2738 2473 2785 Curiam

537 2810 950 2872 Metropolitanam
988 2807 1252 2867 interposuit
1272 2825 1283 2851 :
1328 2806 1526 2853 rationes
1548 2806 1642 2862 eius
1674 2804 1825 2863 legent
1860 2802 2206 2849 Eminentiffimi
2245 2801 2401 2848 Patres
2423 2800 2472 2846 in

538 2873 695 2920 libello
716 2911 726 2925 ,
765 2874 950 2934 longum
973 2872 1093 2918 enim
1111 2869 1216 2916 esset
1232 2886 1306 2916 eas
1325 2869 1581 2918 exscribere
1600 2868 1646 2914 in
1667 2865 1781 2911 facto
1804 2876 1894 2910 tam
1916 2866 2052 2928 longo
2073 2900 2084 2913 .
2117 2866 2165 2913 A
2200 2864 2346 2911 Curia
2362 2863 2475 2924 Epi-

538 2936 705 2996 scopali
731 2937 954 2982 Lucerina
972 2934 1085 2981 nihil
1106 2932 1340 2979 habuimus
1362 2967 1371 2976 .
1407 2931 1617 2981 Dubium
1635 2927 1696 2974 est
1712 2961 1723 2975 .

477 3007 554 3048 «An
575 3001 824 3061 appellatio
848 2997 1125 3056 fiestineatur
1145 3030 1158 3048 ,
1181 2997 1434 3059 scupotius
1473 2996 1608 3058 Causa
1632 2990 1971 3050 remittendafit
2001 2993 2058 3040 ad
2093 2993 2267 3041 Curiam
2293 2991 2471 3053 Episco-

529 3062 683 3126 palem
705 3065 968 3113 Lucerinum
993 3064 1039 3108 in
1061 3060 1162 3121 casu
1179 3064 1280 3109 &a

601 3252 894 3301 Affirmative
913 3256 962 3301 ad
984 3251 1173 3315 primam
1192 3244 1370 3319 partem
1392 3285 1405 3307 ,
1443 3251 1660 3313 negative
1677 3252 1728 3296 ad
1749 3248 1983 3298 secundam
2002 3282 2015 3301 ,
2051 3247 2093 3295 ὃ(
2115 3243 2301 3309 amplius
2322 3273 2335 3286 .
2355 3264 2362 3270 -

109 3442 222 3498 sess.
240 3450 314 3487 22.
337 3455 376 3487 c.
394 3438 441 3485 6.
608 3439 978 3488 AMERINEN.
1002 3440 1275 3490 SUBSIDII
1313 3434 1608 3489 DOTALIS
1631 3457 1638 3483 :
1677 3437 1974 3486 Testamento
1993 3432 2116 3484 Petri
2150 3429 2320 3478 Senfini
2351 3430 2471 3498 Pon-

78 3506 127 3552 de
145 3505 236 3564 Res.
542 3517 583 3546 ,μ
620 3503 714 3545 toni
735 3503 866 3547 CiVis
886 3502 1223 3552 Camerinensis
1245 3504 1430 3552 condito
1447 3517 1564 3548 anno
1590 3516 1723 3562 1599.
1742 3514 1926 3548 cautum
1946 3500 2032 3546 fuit
2054 3531 2068 3548 ,
2097 3507 2147 3541 ut
2165 3494 2331 3541 defecta
2353 3492 2476 3541 linea

538 3562 785 3630 masculina
810 3564 1008 3612 Csesaris
1028 3603 1040 3619 ,
1076 3571 1113 3615 ἃ*
1139 3567 1359 3615 Crumani
1397 3566 1592 3612 Pontoni
1612 3600 1624 3617 ‚
1655 3580 1746 3626 quo
1767 3563 1958 3610 haeredes
1988 3559 2240 3607 instituerat
2259 3590 2273 3609 ‚
2306 3556 2346 3601 &
2365 3551 2471 3597 sub-

539 3624 739 3670 stituerat
763 3660 773 3675 ‚
815 3627 928 3672 bona
946 3628 1023 3673 sua
1043 3629 1332 3677 haereditaria
1353 3629 1646 3677 servarentur
1664 3660 1694 3679 ,‚
1732 3627 1863 3672 affine
1890 3626 1971 3669 che
1989 3622 2093 3668 delssi
2125 3619 2256 3666 frutti
2274 3653 2287 3671 ,
2317 3631 2340 3661 e
2364 3626 2475 3676 pro·-

538 3719 568 3741 >³
602 3687 731 3735 venti
753 3685 793 3731 di
813 3688 886 3733 effi
906 3722 920 3741 ,
951 3687 1073 3740 salva
1094 3693 1264 3755 sempre
1306 3692 1349 3738 la
1374 3690 1626 3755 proprieta,
1658 3688 1689 3736 fi
1721 3679 2062 3736 costituischino
2090 3682 2185 3730 doti
2216 3677 2476 3782 perfoltare

2206 3774 2238 3795 υ
2278 3753 2322 3787 21
2344 3752 2366 3781 e
2389 3757 2414 3767 ““’
