2571 3961
111 253 455 311 parochorum
478 245 684 314 quidem
709 248 812 302 hoe
832 247 928 302 esse
947 248 1128 302 rnuh'us
1165 245 1380 301 docendi
1415 245 1742 301 Christianam
1761 242 1974 298 Doftri-

177 335 329 377 namz
367 335 414 372 at
440 335 561 371 cum
586 321 809 385 agrestes
831 319 1180 372 parochialem
1212 336 1314 371 non
1330 321 1513 372 adeant
1534 318 1806 370 Ecclesiam
1831 353 1846 372 ,
1885 316 1969 368 sed

182 394 378 446 rurales
396 389 658 454 Cappellas
679 427 697 452 ‚
720 390 816 440 alia
837 389 1030 441 ratione
1052 387 1327 442 neceffitati
1348 389 1630 441 animarum
1650 383 1839 440 consuli
1860 401 1967 438 non

178 457 388 531 potuiffe
411 492 429 519 ,
460 476 579 511 cum
597 473 658 509 ne
685 458 936 524 simplices
955 458 1158 522 quidem
1177 459 1470 511 Sacerdotes
1501 458 1560 507 ab
1577 458 1675 508 hoc
1696 472 1852 508 onere
1870 457 1968 506 do-

181 533 326 585 cendi
350 532 442 579 sint
464 528 720 580 immunes
739 566 754 591 ‚
793 540 846 580 ut
864 528 1040 580 docuit
1057 526 1607 580 SACRATISSIMUS
1642 526 1965 579 PRINCEPS

179 599 459 656 NOSTER
482 634 497 649 .
531 595 857 651 Leviffimam
876 598 973 649 effe
993 614 1203 663 poenam
1225 596 1550 663 suspensionis
1585 613 1671 661 per
1697 608 1800 648 tres
1821 596 1927 648 dies
1946 628 1964 651 2

181 688 302 724 cum
321 668 607 735 pecuniaria
634 665 799 734 infligi
819 680 1035 732 nequeat
1054 704 1070 719 .
1106 666 1427 720 Interdissum
1448 664 1821 729 Ecclefiarum‚
1857 663 1966 732 qui·

180 744 272 793 bus
292 749 463 806 pereat
485 735 669 790 folium
691 772 706 795 ‚
744 752 1019 801 paucarum
1039 741 1274 790 horarum
1296 738 1392 787 esse
1411 775 1428 799 ‚
1448 737 1611 787 donec
1628 739 1688 788 ab
1708 736 1851 788 Urbe
1875 750 1964 787 re·

181 819 381 874 petatur
404 840 418 864 ,
459 822 737 871 numquam
762 808 931 858 locum
958 806 1247 859 habiturum
1270 843 1285 858 .
1319 803 1512 856 Contra
1547 807 1675 859 vero
1697 803 1959 871 Capitula,

180 880 231 931 ὃ(
249 877 432 932 Clerus
449 885 629 942 negant
652 889 763 926 earn
786 911 801 934 ‚
845 889 998 940 quam
1019 875 1298 929 Promotor
1332 871 1534 928 Fiscalis
1556 876 1717 927 afferit
1737 910 1752 933 ,
1787 876 1961 941 Popu-

180 946 353 1000 lorum
375 942 709 1010 ignorantiam
732 979 745 1002 ‚
779 948 828 998 &
848 945 883 994 sl
905 959 1022 998 vera
1042 945 1162 998 effer
1182 984 1198 1010 ,
1236 960 1337 997 non
1359 960 1642 1012 congruere
1661 945 1845 996 rationi
1868 983 1885 1009 ‚
1902 953 1960 996 ut

179 1020 290 1084 quia
307 1014 523 1079 Populus
549 1010 774 1091 indofftos
793 1018 879 1072 est,
897 1030 1055 1067 onere
1077 1015 1302 1080 poenali,
1325 1027 1602 1081 graventur
1619 1014 1919 1067 Sacerdotes
1945 1051 1962 1076 ,

179 1087 356 1154 quibus
390 1099 508 1136 cura
540 1098 827 1137 animarum
864 1100 968 1136 non
1006 1086 1102 1136 est:
1147 1084 1289 1138 Onus
1323 1089 1422 1138 hoc
1457 1086 1808 1139 parochorum
1830 1087 1923 1137 esse
1943 1122 1965 1149 ‚

172 1167 391 1211 caeteros
425 1151 722 1204 Sacerdotes
760 1153 1032 1207 hortandos
1076 1154 1202 1214 effe,
1239 1171 1341 1207 non
1383 1153 1640 1222 cogendos
1666 1156 1827 1220 poenis
1851 1188 1865 1212 ‚
1905 1165 1960 1206 ut

172 1226 359 1296 pluries
375 1225 436 1274 ab
456 1225 551 1274 hoc
574 1221 726 1274 Sacro
748 1223 1021 1277 Tribunali
1048 1224 1317 1278 definitum
1355 1222 1451 1277 fuit
1474 1261 1488 1277 .
1519 1223 1651 1276 Aliis
1685 1225 1962 1277 rationibus

172 1289 449 1350 neceffitati
465 1287 634 1343 salutis
653 1301 844 1346 aeternae
888 1291 1215 1346 indoftorum
1258 1296 1527 1362 agrestium
1565 1289 1757 1346 consuli
1795 1292 1961 1358 poste:

171 1365 410 1430 Iniquum
432 1359 527 1412 effe
545 1394 560 1419 ‚
610 1363 837 1438 utetiam
858 1362 921 1414 de
938 1364 1050 1415 casu
1069 1361 1287 1416 fortuito
1322 1361 1482 1417 amiffi
1516 1360 1629 1416 folii
1670 1362 1831 1416 teneri
1869 1362 1962 1412 de-

174 1429 771 1496 beantEcclefiae‚qu1bus
792 1431 925 1485 nulla
949 1434 1189 1486 imminet
1204 1450 1319 1486 cura
1334 1435 1652 1488 animarum:
1688 1432 1813 1485 illud
1834 1432 1961 1486 vero

172 1505 330 1569 longe
349 1501 515 1567 magis
536 1512 714 1552 contra
749 1512 986 1554 tenorem
1029 1503 1237 1556 rationis
1272 1503 1406 1565 effe,
1442 1503 1573 1567 quod
1593 1503 1856 1570 puniantur
1882 1502 1960 1551 in·-

173 1570 394 1627 terdiffto
420 1605 434 1625 2
468 1586 613 1636 poena
630 1572 865 1624 omnium
889 1569 1184 1639 gravissima
1202 1609 1218 1625 .
1248 1571 1371 1625 Haec
1391 1569 1640 1638 disputant
1658 1574 1960 1634 Promotor,

173 1642 418 1696 &Clerus
437 1677 452 1692 .
497 1640 725 1691 Pertinet
751 1657 881 1693 nunc
919 1642 979 1694 ad
1006 1639 1439 1699 Eminentiffimos
1470 1643 1639 1697 Patres
1673 1643 1779 1694 duo
1799 1680 1815 1706 ‚
1851 1657 1959 1706 quae

171 1716 442 1780 sequuntur
463 1746 479 1770 ‚
514 1709 677 1762 Dubia
692 1710 921 1773 expedire
941 1748 957 1764 .

104 1785 145 1838 Ι.
178 1780 602 1850 Ansubstineatur
635 1781 839 1831 edifium
876 1784 931 1833 in
968 1799 1023 1833 ea
1058 1795 1201 1849 parte
1221 1821 1239 1846 ‚
1276 1796 1371 1848 qua
1409 1781 1745 1835 Sacerdotibus
1762 1796 1854 1830 nou
1872 1782 1954 1830 ha-

312 1852 540 1902 bentibus
574 1867 738 1903 curam
754 1855 1022 1903 animarum
1039 1856 1299 1919 imponitur
1316 1869 1427 1903 onus
1459 1854 1655 1903 docendi
1684 1850 1959 1902 Dominam

314 1921 739 1989 Christianamsub
752 1934 888 1988 poena
898 1922 1208 1988 suspenfionis
1236 1926 1288 1971 in
1306 1923 1417 1984 casu
1437 1925 1545 1980 &c-

106 1993 170 2046 ΙΙ.
211 1991 780 2059 Ansubstineaturpoena
798 1994 1043 2042 iuterdiffi
1077 1997 1132 2043 in
1152 1996 1303 2043 eodem
1326 1994 1483 2043 Elerzo
1515 1989 1696 2057 inflt'ffa
1732 1989 1961 2053 adveffus

307 2063 530 2125 Ecclest‘as
549 2100 564 2124 ‚
604 2065 652 2112 in
672 2064 844 2127 quibus
862 2065 1121 2129 contigerit
1138 2064 1332 2127 deficere
1351 2064 1696 2114 Formularium
1715 2057 1958 2111 Domina

312 2131 593 2199 Christianae
606 2135 658 2182 in
672 2132 780 2199 casu
803 2133 910 2188 &c-

101 2366 146 2418 Π
181 2290 394 2418 NAdri.
417 2293 745 2349 Affirmative
761 2291 904 2356 juxta
929 2291 1147 2347 modum
1169 2289 1530 2361 explicandum
1552 2283 1798 2356 Episcopo
1820 2321 1838 2340 .
1875 2283 1973 2339 Act

150 2401 164 2419 .
235 2380 324 2432 ega
353 2378 438 2416 ive
459 2401 476 2417 .

96 2764 208 2888 C
225 2754 538 2813 IVITATIS
555 2749 1037 2806 CASTELLANAE
1055 2748 1520 2807 MATRIMONII
1542 2748 1966 2805 CLANDESTI·
2014 2767 2176 2823 sesam
2198 2779 2231 2810 e.
2241 2780 2285 2818 5.

244 2830 319 2883 ΝΙ
334 2864 347 2886 ς
390 2827 480 2879 ΕΤ
498 2821 1123 2877 ATTENTATORUM
1144 2857 1159 2874 .
1194 2821 1402 2873 Mutuas
1439 2820 1724 2875 futurarum
1743 2820 1965 2884 Nuptia-
2011 2827 2057 2864 de
2069 2825 2286 2881 rafim-tu...

164 2916 278 2952 sum
314 2894 722 2962 repromiffiones
744 2891 794 2942 in
820 2897 1009 2959 apocha
1040 2887 1342 2956 scripserunt
1359 2889 1570 2958 Baptista
1594 2887 1783 2942 Rosana
1804 2891 1964 2943 Zivil-

161 2969 234 3021 lia
254 3004 269 3027 ‚
304 2970 353 3021 δι
369 2968 445 3022 Jo:
466 2963 792 3016 Bernardinus
812 2962 1047 3016 Carofius
1070 2975 1087 3018 3
1106 2957 1330 3014 Acceffit
1350 2960 1467 3014 inde
1485 2958 1746 3013 consensus
1770 2959 1960 3012 Matris

158 3036 347 3092 Puellae
366 3075 383 3100 ‚
418 3039 558 3094 cujus
574 3032 786 3085 consilio
802 3049 915 3086 eam
935 3035 1118 3084 nubere
1157 3030 1323 3084 voluit
1343 3030 1485 3085 Pater
1521 3031 1567 3081 in
1588 3029 1920 3083 Testamento
1942 3065 1959 3081 .

157 3107 304 3160 Dum
326 3103 541 3169 Nuptias
559 3105 759 3168 parabat
776 3104 947 3155 absens
971 3117 998 3152 a
1019 3100 1245 3154 Civitate
1267 3100 1495 3153 Carofius
1517 3138 1534 3165 ‚
1570 3096 1751 3151 Puellae
1783 3116 1888 3166 quae
1906 3100 1960 3150 in

167 3175 483 3229 Monasterio
503 3173 733 3226 §.Clarae
754 3184 880 3229 erat,
904 3172 1215 3224 volunta-tem
1239 3181 1432 3224 mutare
1453 3169 1681 3236 aggressae
1702 3167 1812 3221 sunt
1833 3169 1960 3220 Mo-

163 3246 323 3298 niales
340 3243 718 3308 confinguineae
740 3240 980 3296 Francisci
1000 3241 1166 3293 Ciotti
1186 3276 1200 3299 ,
1219 3240 1426 3306 &ipsius
1448 3237 1630 3293 Puellae
1651 3237 1920 3291 Avunculi
1939 3273 1959 3290 .

163 3313 454 3374 ,Veniebant
493 3329 525 3365 a>
539 3313 660 3365 dote
681 3311 866 3378 sagittae
885 3348 900 3373 ‚
941 3310 1114 3378 quibus
1134 3312 1337 3365 Ciottus
1354 3312 1574 3376 percitus
1613 3302 1776 3361 fuerat
1797 3325 1810 3362 :
1841 3324 1960 3359 om·

158 3400 282 3438 nem
301 3384 453 3450 igitur
473 3383 637 3435 movit
654 3381 875 3445 lapidem
910 3394 965 3435 ut
985 3381 1251 3446 Baptistam
1286 3389 1535 3433 averteret
1574 3393 1601 3428 a
1619 3374 1768 3441 pastis
1786 3413 1800 3437 ‚
1847 3376 1961 3429 Nu-

157 3454 274 3519 ptiis
293 3489 309 3514 ,
350 3462 646 3518 tantumque
668 3452 977 3505 Monialium
1003 3489 1019 3513 ‚
1039 3451 1083 3504 8<
1105 3450 1502 3504 Avunculorum
1532 3461 1627 3512 ope
1652 3481 1666 3504 ‚
1699 3462 1960 3513 operaque

154 3520 409 3588 profecit,
448 3532 502 3574 ut
525 3521 675 3574 infida
717 3520 888 3572 Puella
928 3519 1298 3573 {aeramentum
1327 3554 1341 3579 ‚
1377 3535 1478 3584 quo
1514 3513 1754 3581 sponsalia
1798 3517 1964 3570 muni-

154 3604 333 3659 verat,
370 3592 630 3670 fidemque
668 3590 876 3644 Carosio
907 3590 1078 3643 datam
1109 3587 1285 3643 fallens
1311 3623 1328 3650 ,
1365 3605 1497 3643 nova
1529 3587 1769 3654 sponsalia
1783 3602 1963 3709 gum,

1831 3667 1971 3708 iotto
