2571 3961
1986 129 2039 161 21

44 190 147 238 'Hoc
167 197 315 235 autem
341 199 462 231 anno
497 186 562 240 jo:
583 186 811 232 Antonius
850 182 1082 232 Faetorius
1108 179 1402 234 ,Testamento
1429 179 1614 228 condito
1648 179 1764 236 iuffit
1782 214 1795 233 ,
1826 189 1878 227 ut
1905 179 2042 226 certis

106 248 341 308 designatis
362 247 496 294 Bonis
517 245 789 297 Beneficium
809 250 856 296 in
880 246 1035 294 eadem
1057 244 1254 296 Ecclefia
1273 244 1537 295 fundaretur
1559 279 1572 296 ,
1603 245 1708 291 dato
1722 256 1868 293 onero
1899 240 2043 290 Bene·

105 309 270 360 ficiatis
291 343 304 362 ,
335 321 384 355 ut
407 311 554 358 Horas
571 309 826 361 Canonicas
844 310 888 356 in
904 308 1062 357 Choro
1079 306 1422 372 persolverent,
1455 307 1664 367 sacraque
1691 303 1802 352 alias
1828 303 2045 352 Functio-

108 388 186 420 nes
204 373 471 431 explerent,
498 388 595 434 quae
613 389 638 420 a
665 371 911 421 Canonicis
929 382 1173 435 agerentur
1193 406 1206 424 ,
1240 373 1322 419 hac
1340 382 1491 417 tamen
1509 369 1608 430 lege
1627 392 1665 402 ·-
1698 367 1800 418 Che
1833 381 2043 414 manean-

109 469 140 489 „
174 435 230 481 do
256 436 345 481 alla
374 434 590 483 relidenza
611 469 625 488 ,
653 435 916 482 eFunzioni
949 438 1085 483 Sacre
1119 433 1290 481 sudette
1327 432 1470 483 debba
1509 431 1644 483 essere
1682 430 1948 491 suppontato
1968 462 1982 479 ‚
2016 443 2042 476 e

107 529 140 550 ,2
171 495 332 557 perder
362 497 402 543 la
421 497 584 561 spuma
614 498 687 545 del
715 497 795 544 suo
823 496 1007 559 proprio
1032 499 1086 545 da
1114 496 1348 560 applicarfi
1370 526 1386 545 a
1423 491 1720 545 edistribuirfi
1748 490 2042 540 all’altriSi-

106 593 140 613 ,‚
172 558 306 621 gnori
323 559 443 606 della
462 559 666 609 medema
680 559 966 622 Collegiata:
999 575 1090 607 non
1109 558 1382 607 intendendo
1402 560 1505 617 perd
1526 557 1574 604 d.
1591 556 1750 617 gignor
1769 553 2009 605 Testatore
2026 585 2043 607 ,

107 656 140 677 2,
175 623 257 668 che
277 621 309 668 11
328 625 560 669 nominato
583 623 715 669 abbia
733 622 786 668 da
802 622 1080 683 partecipare
1099 656 1113 674 ‚
1140 637 1196 667 ne
1214 621 1380 682 godere
1398 621 1516 669 delle
1533 617 1840 668 distribuzioni
1858 615 1962 664 dell'
1978 615 2042 661 al·

109 715 141 738 „
175 684 234 730 tri
253 684 430 747 Signori
462 685 581 732 della
609 683 900 744 Collegiata,
935 685 1158 731 ancorche
1193 681 1382 738 rifiede‚
1420 682 1479 730 ed
1501 685 1769 745 intervenga
1796 678 2043 726 continua·

109 780 142 800 „
177 760 328 793 mente
344 778 375 800 ‚,
396 779 410 794 .
447 745 722 808 Beneficium
741 750 823 792 hoc
841 747 1110 797 auctoritate
1129 746 1203 794 sua
1220 747 1367 794 erexit
1391 744 1637 811 Episcopus
1663 747 1751 791 stne
1771 741 1937 789 affensu
1956 741 2044 788 Pa-

108 808 230 856 troni
252 845 265 862 ,
289 807 375 857 fine
395 810 557 857 Literis
580 807 856 871 Apostolicis
877 844 890 865 ,
917 811 957 856 &
978 808 1316 857 Canonicatum
1335 811 1640 869 nuncupavit.
1666 805 1941 854 Beneficiato
1974 816 2043 850 ta-

106 886 212 919 men
230 886 376 933 neque
396 871 522 921 locus
546 874 591 921 in
608 872 768 920 Choro
785 905 800 925 ‚
828 887 974 933 neque
994 888 1082 919 vox
1113 871 1158 918 in
1176 870 1395 930 Capitulo
1412 887 1559 935 neque
1584 869 1768 931 lnfignia
1783 868 2037 921 Canonica-

109 934 175 983 lia
191 934 298 981 data
319 932 500 983 fuerunt
520 970 532 988 ,
565 936 683 982 itaut
702 937 882 997 plenum
899 937 975 990 Jus
991 934 1211 983 Canonite
1239 949 1328 981 non
1361 935 1572 983 habuerit
1587 971 1599 981 .
1627 934 1672 980 &
1690 942 1909 995 quotquot
1927 929 2043 975 illud

108 997 163 1043 ad
183 996 297 1044 hanc
315 998 448 1059 usque
472 998 588 1047 diem
605 1000 900 1047 obtinuerunt
918 1033 931 1048 ,
960 997 1164 1045 eamdem
1181 997 1414 1047 servarunt
1433 998 1696 1045 methodum
1712 1031 1726 1049 ‚
1747 1006 1883 1042 onere
1901 1008 1926 1037 a
1953 989 2040 1042 se·

107 1061 267 1109 statore
283 1059 389 1107 data
407 1060 704 1121 impleverunt
728 1096 742 1115 ,
784 1063 825 1111 δι
847 1059 877 1107 st
898 1059 1014 1107 forte
1034 1058 1298 1112 defecerunt
1315 1094 1328 1113 ,
1357 1062 1556 1110 mulctati
1576 1061 1674 1107 sunt
1703 1075 1728 1105 a
1754 1053 2003 1105 Canonieis
2022 1085 2037 1105 2

105 1139 252 1186 neque
267 1125 320 1170 de
342 1124 499 1171 multis
518 1123 864 1172 Canonicorum
894 1123 1141 1183 participes
1166 1122 1267 1170 facti
1299 1123 1399 1170 sunt
1418 1156 1432 1171 .
1464 1124 1667 1171 Tandem
1695 1120 1844 1172 Caesar
1869 1116 2038 1164 Caval·

105 1187 210 1234 letti
235 1184 510 1234 Beneficium
531 1187 618 1234 hoc
636 1188 818 1248 adeptus
835 1185 895 1232 est
912 1218 926 1236 ‚
956 1186 1031 1247 qui
1050 1221 1063 1238 ,
1095 1201 1200 1232 cum
1217 1186 1428 1234 crederet
1444 1186 1528 1235 esse
1556 1185 1741 1246 fimplex
1757 1220 1770 1237 ‚
1795 1179 1940 1231 abfuit
1959 1192 2037 1237 per

107 1263 244 1299 anuos
261 1249 433 1311 viginti
453 1286 466 1304 ,
500 1249 574 1298 sed
602 1252 648 1296 in
669 1251 744 1308 Jus
768 1260 955 1297 vocatus
974 1263 998 1294 a
1016 1247 1259 1300 canonicis
1278 1283 1290 1300 ‚
1325 1264 1374 1296 ut
1392 1249 1589 1297 solveret
1608 1247 1772 1295 multas
1789 1280 1802 1298 ,
1832 1257 1940 1306 quas
1959 1240 2036 1302 ipst

105 1311 349 1374 diligenter
365 1312 655 1375 scripserant,
688 1313 958 1362 contendere
977 1311 1110 1370 caepit
1143 1310 1184 1356 se
1214 1309 1298 1357 esse
1327 1327 1487 1359 verum
1519 1310 1805 1360 canonicum
1834 1341 1849 1359 2
1878 1305 2034 1352 omni-

108 1376 280 1438 busque
297 1376 477 1431 Juribus
500 1411 513 1428 ,
547 1377 587 1422 δι
607 1375 860 1424 honoribus
885 1409 900 1428 ,
929 1388 1038 1437 quos
1055 1370 1592 1429 alithabentCanonici,
1625 1373 1713 1421 frui
1744 1368 1928 1418 deberi.
1965 1366 2035 1413 Re

102 1438 163 1486 «d
179 1439 264 1487 hoc
284 1441 469 1487 Sacrum
489 1438 715 1485 Tribunal
741 1437 890 1485 delata
913 1471 926 1490 ,
959 1435 1102 1483 Causa
1119 1436 1264 1483 omnis
1296 1437 1369 1485 sex
1402 1435 1568 1484 Dubiis
1594 1435 1780 1487 colleela
1808 1429 1901 1479 suit
1930 1465 1944 1483 ‚
1976 1444 2035 1476 ex

105 1517 301 1565 quorum
321 1502 515 1551 lectione
546 1501 683 1551 facile
709 1500 991 1563 intelligitur
1007 1498 1115 1561 quid
1136 1497 1186 1544 sit
1205 1531 1219 1549 ,
1251 1502 1303 1547 de
1321 1515 1409 1562 quo
1425 1499 1685 1561 disputatur
1701 1533 1715 1551 ,
1748 1509 1931 1557 quceque
1944 1491 2036 1538 Ca·

105 1564 264 1612 nonici
284 1600 298 1619 ,
329 1568 369 1612 8(
392 1564 658 1624 Capitulum
679 1581 734 1613 ex
766 1563 908 1614 faCto‚
936 1562 1054 1624 quod
1089 1563 1400 1615 narravimus,
1429 1576 1587 1610 contra
1620 1560 1934 1608 Cavallettum
1957 1554 2034 1600 de-

107 1624 304 1675 finienda
319 1626 403 1675 esse
435 1629 715 1674 contendunt
735 1665 746 1676 .
783 1627 825 1672 A
844 1624 1113 1673 Cavalletto
1130 1623 1246 1671 nihil
1265 1624 1408 1673 adhuc
1425 1624 1662 1677 habuimus
1681 1660 1691 1672 .
1729 1624 1884 1670 Dubia
1905 1619 2003 1663 sunt
2020 1652 2032 1665 .

46 1687 87 1737 Ι.
117 1700 198 1739 ala
226 1689 529 1745 Beneficiatus
560 1691 765 1747 Beneficii
803 1691 1096 1738 canonicatus
1115 1692 1363 1749 nuncupati
1386 1687 1471 1746 sub
1491 1691 1787 1737 [avocatione
1823 1693 1866 1735 S.
1886 1686 2034 1740 esaan-

295 1758 368 1801 nis
401 1752 607 1816 Baptistae
626 1755 766 1804 ενεὲῖί
787 1770 900 1801 anno
927 1751 1055 1799 1688.
1074 1749 1412 1807 exfundatione
1428 1754 1650 1811 quondam
1667 1753 1747 1808 ‘570²
1766 1746 1964 1794 Antonii
1978 1744 2032 1789 de

294 1816 561 1864 Fabioribus
580 1819 626 1864 in
645 1813 833 1872 Ecclesia
859 1816 1109 1875 collegiata
1136 1813 1469 1869 Gualteriisine
1485 1825 1634 1860 tamen
1664 1813 1865 1870 consensu
1903 1808 2033 1871 Cupi·

290 1880 384 1933 tuli
406 1906 422 1930 «.
455 1885 512 1929 &⁹
547 1880 744 1927 ‘Patroni
773 1876 963 1938 ejusdem
1001 1872 1194 1930 Ecclefiae
1213 1904 1228 1924 ‚
1244 1872 1305 1931 sit
1324 1877 1374 1922 de
1397 1878 1576 1938 gremio
1602 1871 1786 1938 antiqui
1821 1866 2033 1933 Capituli

292 1941 480 2004 ejusdem
510 1941 764 2006 Collegium
781 1942 827 1988 in
850 1939 953 1997 Casu
973 1944 1073 1988 &a

46 2002 108 2053 11.
142 2013 222 2054 An
238 2007 385 2053 ditius
402 2004 703 2060 Beneficiatus
713 2003 916 2066 gaudere
933 1999 1099 2050 debeat
1115 2014 1225 2049 voce
1244 2001 1404 2049 adiva
1417 2034 1432 2055 ,
1465 2001 1703 2068 &paffiva
1721 2003 1768 2050 in
1786 1999 1936 2048 eodem
1959 2002 2033 2041 Ca-

286 2069 442 2132 pitulo
461 2070 508 2114 in
542 2068 645 2125 Casu
661 2071 762 2118 &c-

45 2130 130 2178 111.
164 2140 244 2180 An
262 2135 381 2180 idem
405 2128 703 2186 Beneficiatus
717 2125 973 2193 praecedere
990 2126 1151 2177 debeat
1174 2124 1317 2188 juxta
1350 2131 1549 2176 ordinem
1570 2126 1869 2175 antianitatis
1891 2123 2031 2184 supra

298 2208 441 2242 novos
452 2195 666 2257 provisos
683 2195 735 2242 de
764 2192 971 2256 antiquis
992 2190 1393 2238 Canonicatihusin
1416 2191 1521 2249 Casu
1539 2195 1637 2240 &a

45 2255 133 2305 IV.
166 2267 246 2306 „An
267 2261 385 2307 idem
421 2254 788 2313 Beneficiatusfit
826 2257 1133 2306 admittendus
1152 2254 1209 2298 ad
1230 2256 1636 2323 participationem
1670 2249 2034 2307 distributionum

296 2323 482 2382 antiqui
499 2321 701 2382 Capituli
717 2323 763 2368 in
782 2319 882 2378 casu
902 2324 999 2368 &a

45 2382 108 2432 V.
142 2389 223 2434 An
240 2386 357 2433 idem
378 2382 742 2440 Beneficiatussit
757 2383 1066 2431 admittendus
1082 2382 1139 2428 ad
1147 2377 1552 2442 participationem
1570 2378 1665 2427 mul
1669 2379 1840 2425 &arum
1858 2373 2038 2423 ratione

299 2449 506 2507 abfi‘ntiae
529 2449 842 2500 canonicorum
861 2447 1045 2507 antiqui
1063 2440 1262 2506 Capituli
1293 2448 1339 2492 in
1358 2445 1460 2500 casu
1482 2447 1580 2491 &a

47 2507 134 2558 Vl.
166 2518 247 2558 An
272 2513 481 2559 canonici
498 2512 682 2572 antiqui
702 2509 904 2572 Capituli
916 2509 1207 2570 participare
1223 2504 1412 2556 debeant
1427 2507 1477 2552 de
1493 2507 1677 2556 muliiis
1695 2505 1871 2554 ratione
1886 2499 2040 2559 absen-

294 2578 370 2621 tia
393 2573 505 2620 diiii
521 2571 787 2629 Beneficiati
804 2576 851 2620 in
873 2572 975 2631 casu
993 2577 1091 2622 &a

107 2760 134 2811 f
192 2700 283 2809 dAtd
299 2697 336 2746 1.
354 2698 488 2768 usque
508 2697 565 2747 ad
587 2698 649 2747 V.
683 2696 914 2761 Negative
931 2726 947 2744 .
976 2695 1054 2745 Ad
1077 2693 1138 2746 Π.
1159 2694 1447 2746 Affirmative
1473 2705 1652 2744 attenta
1689 2692 1789 2756 lege
1805 2688 2046 2754 expressa-9

129 2778 188 2812 un
221 2778 243 2810 a
270 2775 387 2811 ionis
409 2795 422 2811 .

49 2889 135 3002 P
155 2889 516 2939 OSNANIEN.
533 2888 967 2939 MATR1MON11
994 2906 1004 2935 ε
1038 2889 1160 2938 Cum
1180 2887 1327 2936 adhuc
1349 2888 1548 2949 impubes
1565 2883 1673 2933 ess'et
1693 2880 1931 2931 Marianna
1948 2879 2047 2927 Ma-

171 2955 210 3001 le
226 2953 416 3003 Kovska
434 2989 450 3008 ,
482 2969 587 3003 nata
605 2955 729 3001 enim
750 2967 846 3001 erat
864 2952 1016 3001 mense
1035 2952 1277 3000 Februarii
1297 2951 1402 2997 anni
1429 2953 1556 3010 1726.
1576 2981 1590 3000 ,
1623 2945 1770 3007 nupsit
1814 2943 2048 3005 sheophi-

109 3020 155 3064 lo
173 3017 585 3074 Rozdrazevvskio
601 3053 616 3071 ‚
644 3020 906 3070 contracto,
930 3017 977 3063 &
998 3016 1259 3062 consumato
1276 3013 1571 3060 Matrimonio
1591 3010 1664 3056 die
1685 3023 1763 3057 22.
1785 3005 1951 3054 Mens-‚s
1965 3008 2048 3061 Ju-

110 3080 163 3127 lii
186 3096 304 3128 anno
331 3091 458 3137 1736.
477 3082 580 3130 Post
616 3097 784 3130 novem
804 3081 983 3128 Menses
1010 3079 1210 3126 Mathias
1231 3077 1360 3123 Male-
1392 3075 1631 3123 Kovskius
1648 3070 1823 3130 Sponsae
1855 3070 2048 3117 Patruus

107 3143 336 3207 Coniuges
357 3147 401 3191 in
427 3145 501 3198 Jus
521 3145 707 3192 vocavit
727 3178 740 3196 ‚
773 3145 952 3191 nullum
970 3142 1122 3190 dicens
1141 3139 1483 3187 Matrimonium
1502 3150 1600 3186 tum
1625 3133 1799 3182 defectu
1833 3132 2050 3194 legitimae

105 3208 251 3255 aetatis
271 3209 441 3257 Puella:
459 3243 472 3261 ,
508 3221 602 3255 tum
627 3207 804 3254 defectu
821 3205 1025 3264 ejusdem
1061 3202 1297 3252 consensus
1313 3233 1330 3249 .
1364 3202 1446 3248 Sed
1463 3201 1695 3262 Coniuges
1712 3233 1726 3251 ‚
1758 3198 1799 3244 &
1819 3195 1909 3263 ipsa
1927 3209 2052 3256 prae-

105 3269 258 3318 sertim
276 3271 516 3319 Marianna
534 3270 724 3330 praesens
741 3284 890 3318 coram
909 3266 1115 3315 officiali
1135 3264 1421 3312 Posnanienst
1440 3260 1737 3311 Matrimonii
1763 3258 2052 3306 validitatem

105 3332 426 3382 defenderunt:
459 3333 688 3381 Officialis
706 3345 860 3380 autem
882 3332 943 3380 ob
964 3330 1315 3392 impubertatem
1340 3327 1518 3389 Sponsa:
1536 3321 1861 3386 pronunciavit
1873 3316 2053 3388 ,nullum

108 3393 236 3443 fuiss'e
257 3398 606 3445 Matrimonium
627 3429 640 3449 ,
667 3397 835 3444 indieta
857 3393 1062 3456 utrisque
1097 3392 1244 3440 multa
1261 3389 1525 3455 pecuniaria
1551 3390 1612 3435 ob
1640 3386 1841 3448 stuprum
1869 3379 2052 3428 illatum

103 3471 430 3522 acceptumque
445 3496 459 3514 ,
487 3475 644 3507 verum
661 3458 768 3520 quia
781 3473 838 3505 ex
853 3456 1025 3504 Medici
1043 3453 1267 3503 sententia
1283 3451 1538 3512 viripotens
1553 3448 1828 3505 judicabatur
1846 3443 2004 3513 Euella
2021 3477 2053 3496 ,,

105 3556 138 3576 ,,
170 3524 214 3569 8(
234 3538 386 3584 amore
402 3522 624 3573 constanti
651 3523 911 3568 adherendo
928 3517 1193 3580 Theophilo
1209 3551 1224 3569 ‚
1252 3518 1297 3565 ὅτ
1315 3530 1404 3562 non
1425 3514 1558 3564 alteri
1578 3548 1591 3565 ,
1632 3520 1812 3558 tantum
1831 3506 1980 3553 eidem
2009 3504 2053 3551 se

104 3620 135 3640 „
169 3586 215 3632 in
233 3585 340 3634 vitae
355 3586 522 3634 socium
540 3587 802 3634 elocandam
819 3582 1081 3631 deliberato
1102 3580 1255 3627 animo
1273 3577 1544 3643 exposcebat
1558 3611 1571 3630 ,
1590 3576 1633 3623 δι
1652 3588 1759 3622 cum
1774 3570 1933 3617 eodem
1947 3568 2052 3615 Ma-

100 3683 139 3706 „
167 3646 434 3699 trimonium
465 3651 522 3700 de
539 3648 747 3712 praesenti
772 3647 889 3695 inire
918 3640 1313 3710 appromittebat,
1347 3644 1389 3691 &
1414 3639 1628 3690 assensum
1655 3633 1903 3701 perfessum
1918 3642 2048 3742 egra

1730 3731 1767 3754 2.
1799 3709 1932 3745 omne

2131 2875 2231 2936 seff.
2248 2888 2462 2938 24.cap.1·.

2101 2945 2159 2989 (φ
2190 2953 2218 2999 9
2277 2942 2329 2988 de
2371 2942 2462 3002 Rsf

2102 3008 2230 3052 Mart
