2571 3961
1899 118 1955 159 81

26 167 165 219 tentis
187 167 333 228 postea
359 168 497 232 super
524 167 837 229 propinquiore
864 169 1008 216 literis
1024 165 1334 215 declaratoriis
1354 202 1365 216 .
1401 167 1533 222 Juxta
1548 179 1731 231 ⁴quoque
1748 184 1960 219 commu-

20 250 125 280 nem
145 230 401 278 Deciorum
424 232 689 280 sententiam
718 231 764 277 in
780 232 1110 279 Tribunalibus
1127 244 1357 290 receptam
1375 266 1388 284 ,
1422 231 1640 278 illicitum
1671 245 1849 280 tantum
1870 235 1931 281 est
1947 268 1962 286 ‚

23 295 94 342 sed
125 309 215 340 non
233 293 486 341 invalidum
503 294 850 341 Matrimonium
868 330 880 347 ,
914 294 1039 358 quod
1068 293 1351 343 contrahitur
1386 308 1470 355 ope
1496 293 1841 356 dispensationis
1870 298 1960 343 ob-

18 369 157 406 tentae
187 356 320 417 super
348 369 513 420 quarto
532 358 671 418 gradu
693 390 706 407 ‚
740 359 864 406 nulla
897 359 1022 405 tertii
1046 359 1204 419 gradus
1222 355 1335 403 sacta
1356 357 1588 404 mentione
1607 389 1621 408 ,
1656 358 1695 402 ὅ(
1719 370 1959 416 antequam

23 421 168 468 literae
191 418 508 471 declaratoriae
528 419 795 482 praescriptae
813 423 838 466 a
865 421 909 470 S.
932 418 1013 467 Pio
1031 421 1089 467 V.
1107 418 1275 466 fuerint
1294 423 1522 467 obtentant
1560 430 1694 479 prout
1711 454 1724 470 ,
1767 421 1873 465 dum
1912 423 1960 466 in

22 480 280 531 minoribus
296 483 534 531 Secretarii
563 481 768 529 Concilii
787 498 976 531 munere
991 483 1285 544 fungeremur
1308 516 1322 534 ,
1350 482 1447 529 fuse
1473 484 1498 529 a
1533 481 1680 528 Nobis
1700 485 1968 544 comproba-

23 557 120 593 tum
150 543 212 591 est
229 580 242 597 ,
282 545 324 595 &
343 562 366 592 a
386 544 757 608 Congregatione
774 545 1005 593 admissum
1024 546 1067 591 in
1087 543 1352 591 discuilione
1369 546 1527 592 Causae
1547 551 1810 593 Lueeorien.
1838 547 1968 592 Nul-

20 609 182 657 Ic'tatis
206 613 525 660 Matrimonii,
563 624 661 670 quae
686 605 776 653 suit
796 606 1021 668 proposita
1038 640 1052 659 ‚
1084 606 1127 652 &
1145 604 1342 651 resoluta
1361 611 1431 655 die
1468 609 1537 654 18.
1553 612 1718 654 Martii
1739 619 1867 664 1722.
1891 607 1966 653 uti

23 671 173 718 videri
191 669 333 730 potest
353 677 519 719 Tama.
553 672 765 727 Thesauri
800 671 1130 730 Resolutionum
1162 666 1383 728 praediCtae
1415 669 1803 730 congregationis
1838 703 1851 720 ,
1885 669 1967 716 ubi

22 733 177 784 noster
205 732 424 782 discursus
441 749 529 781 una
556 747 657 779 cum
677 730 980 778 Resolutione
1001 729 1131 792 typis
1163 729 1311 777 editus
1343 729 1436 778 est.
1471 731 1554 776 Sed
1574 766 1586 782 ,
1622 747 1723 778 cum
1757 733 1963 790 praedi'fita

22 796 173 845 omnia
191 796 274 843 fibi
295 797 526 843 vindicent
541 795 698 841 locum
718 794 766 839 in
796 792 993 856 fimplici
1022 793 1342 853 impedimento
1360 793 1490 841 tertii
1510 827 1524 846 ‚
1557 795 1596 839 &
1619 796 1764 854 quarti
1782 797 1968 854 gradus,

20 861 69 910 ἐι
87 874 178 906 non
206 858 252 904 in
276 858 597 920 impedimento
625 855 820 916 duplicis
841 853 1252 917 consanguinitatis
1283 858 1477 919 gradus;
1510 870 1643 904 nemo
1657 856 1748 907 est,
1774 857 1850 916 qui
1879 873 1977 903 non.

23 922 183 970 videat
206 955 219 973 ‚
253 935 336 981 pro
358 920 597 967 validitate
613 918 903 966 Matrimonii
923 953 937 971 ,
973 919 1026 966 de
1047 933 1137 980 quo
1161 932 1279 965 nunc
1314 918 1466 981 agitur
1486 952 1499 970 ,
1532 920 1795 966 nullatenus
1829 918 1963 967 fuisse

23 984 316 1033 sufficientem
347 981 722 1043 dispensationem
740 996 764 1026 a
786 980 955 1030 Nostro
973 979 1290 1030 Praedeceffore
1320 979 1593 1035 concessam,
1623 997 1719 1042 quae
1755 983 1908 1035 tertii,
1925 983 1969 1029 δι

23 1045 351 1108 quartigradus
376 1045 752 1107 impedimentum
766 1044 941 1093 sustulit
960 1080 973 1098 ,
999 1043 1074 1092 sed
1095 1043 1233 1091 aliam
1249 1059 1327 1106 pro
1347 1044 1466 1093 dicta
1484 1046 1722 1093 validitate
1740 1044 1869 1092 fuisse
1890 1061 1970 1091 ne-

23 1107 255 1157 ceffariam
270 1141 285 1159 ,
314 1107 444 1164 cuius
465 1124 553 1173 ope
571 1108 734 1168 duplex
751 1123 807 1155 ex
824 1107 1092 1170 duplicitate
1107 1106 1271 1169 gradus
1292 1106 1672 1170 impedimentum
1691 1109 1894 1156 derivans
1912 1107 1972 1155 de

23 1170 172 1218 medio
201 1171 467 1227 tolleretur.
511 1170 708 1224 Admiffa
727 1172 985 1218 necestitate
1001 1169 1315 1231 expeditionis
1350 1171 1456 1218 novi
1476 1169 1660 1224 Brevis,
1700 1173 1745 1219 &
1785 1169 1973 1218 admissa

24 1234 169 1296 primi
197 1233 516 1281 insufficientia
546 1249 634 1296 pro
669 1234 905 1281 validitate
923 1233 1233 1283 eMatrimonii
1253 1268 1265 1286 ,
1305 1233 1530 1295 sequitur,
1562 1245 1612 1280 ut
1636 1234 1876 1285 videatur,
1911 1249 1971 1280 an

25 1296 205 1344 secundi
225 1295 380 1344 Brevis
403 1296 514 1344 sada
532 1297 670 1345 fuerit
695 1297 915 1345 concessio
935 1312 987 1343 eo
1015 1296 1095 1343 sub,
1115 1294 1431 1359 praesupposito
1449 1332 1463 1350 ,
1495 1295 1618 1358 quod
1635 1310 1744 1344 tunc
1768 1296 1965 1343 Violan-

0 1372 91 1407 -tes
123 1361 353 1422 ignoraret
383 1359 756 1423 impedimentum
782 1359 1065 1421 duplicitatis
1094 1359 1257 1423 gradus
1277 1393 1287 1405 .
1324 1361 1422 1412 At,
1453 1358 1482 1403 fi
1523 1359 1736 1421 Aloyfius
1761 1357 1971 1405 Francis-

22 1438 101 1470 cus
121 1437 313 1470 exorans
347 1436 435 1484 pro
454 1424 727 1471 conceffione
743 1425 854 1470 novi
874 1423 1028 1471 Brevis
1047 1458 1060 1476 ‚
1092 1434 1144 1469 ut
1166 1437 1394 1470 remanere
1415 1420 1556 1484 posset
1580 1423 1624 1469 in
1644 1421 1966 1474 Matrimonio,

22 1501 116 1534 non
145 1485 347 1532 obstante
379 1486 696 1546 impedimento
730 1484 1045 1550 duplicitatis,
1080 1484 1322 1546 exposuit,
1358 1484 1401 1531 se
1439 1486 1624 1538 timere,
1663 1500 1716 1530 ne
1762 1484 1971 1547 scandala

22 1548 253 1599 orirentur
273 1582 287 1600 ‚
317 1546 347 1593 st
384 1548 515 1604 hujus
542 1549 654 1599 novi
686 1548 1002 1607 impedimenti
1031 1548 1204 1595 notitia
1234 1549 1288 1594 ad
1323 1549 1585 1595 Violantem
1608 1548 1858 1595 'deveniret
1888 1583 1901 1600 ,
1940 1546 1972 1598 si

19 1613 302 1667 cohaerenter
333 1610 384 1663 ad
415 1610 507 1665 haze
528 1611 637 1658 sacta
662 1608 745 1662 suit
766 1611 985 1662 concessio
1014 1608 1204 1663 Brevis,
1239 1611 1417 1658 exclusa
1434 1611 1686 1657 necessitate
1704 1611 1815 1657 novi
1852 1626 1971 1657 con-

23 1675 167 1721 sensus
184 1675 209 1718 a
242 1673 463 1720 Violante
476 1673 707 1734 praestandi
722 1707 735 1725 ‚
773 1675 851 1721 vel
871 1675 984 1736 quod
1005 1673 1094 1735 ipsa
1126 1673 1184 1721 de
1202 1688 1322 1724 novo
1347 1673 1682 1736 impedimento
1699 1675 1874 1720 certior
1891 1671 1973 1720 fie-

19 1749 89 1784 ret
106 1771 119 1790 ,
153 1747 201 1782 ut
218 1751 274 1781 ex
299 1737 465 1784 lectura
485 1736 644 1785 Brevis
663 1735 796 1799 plane
819 1737 1131 1800 dignoscitur3
1164 1752 1220 1784 ex
1241 1737 1310 1782 his
1328 1737 1566 1784 evidenter
1583 1736 1837 1783 desumitur
1854 1770 1867 1787 ,
1886 1752 1974 1783 no-

19 1817 89 1850 vae
110 1799 266 1863 gratiae
283 1800 614 1850 concessionem
632 1799 847 1847 emanasse
864 1816 923 1847 eo
938 1800 1019 1847 sub
1038 1799 1363 1860 praesuppofito
1381 1834 1395 1855 ‚
1421 1799 1541 1860 quod
1565 1797 1807 1851 Violantes
1845 1812 1966 1846 tem-⁷

18 1878 128 1927 pore
160 1862 450 1910 conceffionIs
489 1864 720 1926 ignoraret
743 1863 1114 1924 impedimentum
1140 1860 1383 1909 descendes
1400 1877 1456 1909 ex
1476 1861 1747 1921 duplicitate
1777 1864 1975 1925 gradus.

22 1928 64 1974 &
81 1943 138 1974 eo
159 1926 319 1972 fortius
338 1960 351 1977 ‚
382 1941 484 1974 curn
512 1930 556 1973 in
586 1925 746 1973 eodem
764 1925 899 1972 Brevi
919 1927 1095 1987 legatur
1113 1961 1127 1979 ,
1162 1927 1352 1986 gratiam
1372 1926 1533 1971 debere
1559 1927 1604 1969 in
1638 1923 1719 1971 suo
1760 1925 1974 1975 robore.»

21 2003 285 2053 permanere
305 2023 317 2042 ‚
355 1987 383 2034 fi
403 1988 495 2049 post
518 1990 613 2046 ejus
634 1990 959 2037 coneeffionem
995 1991 1165 2038 notitia
1192 1988 1503 2050 impedimenti
1528 1987 1581 2035 ad
1609 1988 1875 2034 Violantem
1892 1990 1972 2034 de-

21 2052 212 2100 veniffet
233 2087 246 2104 ‚
279 2066 376 2113 quae
393 2050 731 2099 circumstantia
748 2052 986 2100 evidenter
1004 2051 1180 2100 evincit
1196 2085 1209 2103 ‚
1244 2051 1601 2111 comprobatque
1624 2083 1636 2101 ,
1654 2051 1843 2111 gratiam
1864 2049 1974 2096 fuis-

24 2116 67 2163 se
98 2130 151 2162 eo
173 2114 253 2162 sub
287 2114 599 2177 praesuppofito
631 2113 879 2163 concessam
904 2151 913 2162 .
940 2116 1081 2162 Porro
1112 2112 1254 2177 gratia
1272 2110 1471 2160 concessa
1490 2113 1703 2173 importat
1739 2112 1975 2173 dispensa-
2006 2135 2010 2145 ¹

26 2178 198 2226 tionem
230 2177 275 2223 in
299 2177 453 2225 radice
473 2177 766 2225 Matrimonii
786 2209 801 2228 ‚
830 2192 930 2238 quae
967 2193 990 2223 a
1009 2176 1232 2224 Romanis
1250 2173 1546 2222 Pontificibus
1565 2178 1752 2222 concedi
1778 2175 1972 2224 consue-

25 2241 98 2289 vit
117 2254 305 2305 urgente
325 2257 484 2301 magna
501 2241 633 2289 causa
647 2274 659 2292 ,
692 2241 734 2287 δι
753 2242 927 2301 quando
945 2241 1096 2303 agitur
1117 2240 1168 2285 de
1189 2236 1513 2299 impedimento
1533 2237 1825 2284 Matrimonii
1848 2273 1862 2291 ‚
1893 2255 1976 2286 or-

24 2316 127 2351 tum
154 2304 348 2355 habente
377 2320 507 2352 nona
540 2304 639 2361 jure
673 2304 860 2354 divino,
893 2316 971 2350 aut
1007 2302 1231 2355 naturali,
1254 2300 1332 2348 sed
1366 2316 1390 2346 a
1424 2302 1524 2356 iure
1557 2298 1883 2353 ecclesiastico,
1929 2302 1973 2349 &

26 2383 110 2426 per
139 2382 239 2412 eam
274 2382 365 2413 non
400 2365 453 2413 fit
471 2401 485 2421 ,
525 2384 573 2415 ut
594 2366 951 2417 Matrimonium
971 2367 1159 2418 nulliter
1176 2365 1458 2416 contractum
1475 2395 1489 2413 ,
1521 2377 1610 2408 non
1630 2364 1690 2408 ita
1708 2362 1843 2409 fuerit
1866 2380 1976 2411 con-

26 2430 219 2476 tranum
238 2464 251 2482 ‚
282 2429 350 2476 sed
371 2429 549 2477 effectus
568 2431 620 2476 de
640 2429 791 2476 medio
808 2430 1034 2476 tolluntur
1052 2464 1065 2483 ,
1102 2428 1180 2490 qui
1199 2429 1258 2474 ob
1276 2424 1525 2483 hujusmodi
1548 2425 1848 2473 Matrimonii
1871 2427 1952 2472 nul
1966 2449 1979 2459 ·

26 2493 207 2540 litatem
229 2503 334 2538 ante
351 2492 574 2541 indultam
602 2492 974 2554 dispensationem
995 2527 1008 2544 ,
1043 2503 1178 2553 atque
1208 2487 1347 2536 etiam
1372 2488 1417 2533 in
1438 2487 1529 2546 ipso
1547 2486 1842 2535 Matrimonii
1860 2505 1978 2552 con·-

24 2554 235 2602 trahendi
266 2556 363 2601 actu
383 2557 590 2615 produCti
611 2554 825 2603 suerunt:
862 2555 914 2601 de
944 2556 1108 2617 quibus
1134 2553 1341 2600 omnibus
1370 2566 1394 2597 a
1427 2551 1570 2598 Nobis
1590 2550 1683 2598 fuse
1706 2554 1852 2599 actum
1890 2551 1978 2605 est,

28 2619 132 2666 dum
158 2617 203 2663 in
235 2618 484 2665 minoribus
502 2620 740 2666 Secretarii
766 2618 1142 2679 Congregationis
1172 2614 1376 2663 Concilii
1410 2628 1589 2661 munere
1621 2614 1906 2677 fungeremur
1928 2618 1975 2662 in

29 2680 182 2734 Causa
203 2688 401 2743 Pragen.
425 2685 746 2733 Matrimonii,
781 2697 879 2742 quae
897 2679 984 2726 suit
1007 2679 1229 2740 proposita
1249 2682 1318 2726 die
1347 2692 1414 2730 13⁴
1433 2680 1576 2736 {Junii
1596 2690 1727 2740 1720.
1748 2713 1761 2732 ,
1781 2687 1852 2725 16.
1872 2681 1976 2737 *ja*

25 2747 326 2803 nitariit7a3.
344 2778 359 2796 ‚
394 2750 470 2797 28.
501 2743 678 2807 Augusti
698 2743 887 2804 ejusdem
906 2747 1043 2797 armi,
1076 2742 1312 2794 &tandem
1332 2740 1525 2793 resoluta
1557 2742 1627 2788 die
1655 2742 1973 2801 18.,sequentis

27 2806 306 2870 Septembris
324 2840 337 2858 ,
371 2806 438 2854 uti
457 2807 609 2855 videri
626 2805 768 2867 potest
789 2812 903 2854 Tom·
926 2821 963 2853 ι.
989 2814 1043 2855 &⁰
1061 2818 1102 2852 z.
1128 2806 1339 2859 Thesauri
1362 2805 1691 2866 &solutionum
1710 2803 1970 2851 dictaeC0n-

28 2869 306 2931 gregationis
326 2904 340 2922 ,
373 2870 452 2917 ubi
485 2870 608 2932 typis
629 2868 752 2916 edita
781 2870 1082 2916 inveniuntur
1103 2883 1155 2914 ea
1171 2866 1325 2914 omnia
1343 2901 1356 2919 ,
1398 2883 1498 2929 quae
1523 2877 1632 2913 tunc
1652 2882 1675 2912 a
1703 2866 1853 2914 Nobis
1887 2867 1971 2912 de-

28 2932 160 2977 duCta
177 2931 357 2978 fuerunt
377 2970 386 2980 .
419 2933 632 2995 Cumque
650 2931 781 2978 solius
800 2931 992 2978 Romani
1010 2928 1247 2978 Pontificis
1269 2928 1319 2976 sit
1341 2966 1353 2984 ,
1387 2944 1480 2976 non
1508 2928 1653 2975 solum
1673 2928 1973 2991 dispensatio-

27 3009 106 3040 nes
138 2994 183 3040 in
201 2995 350 3041 radice
370 2994 666 3042 Matrimonii
687 2994 920 3057 indulgere
936 3030 947 3046 ‚
982 2993 1060 3041 sed
1080 2994 1221 3040 etiam
1239 2996 1521 3039 conditiones
1544 2989 1731 3038 statuere
1754 3006 1832 3052 pro
1855 2991 1970 3038 vali-

26 3055 172 3103 ditate
187 3057 347 3116 gratiae
369 3059 707 3118 adimplendas3
738 3063 780 3101 in
815 3073 865 3102 ea
886 3094 898 3110 ‚
931 3056 988 3104 de
1008 3072 1097 3119 qua
1114 3071 1235 3106 nunc
1251 3057 1400 3117 agitur
1420 3091 1432 3107 ‚
1453 3070 1505 3100 ea
1530 3053 1868 3115 quodammodo
1893 3053 1979 3101 sta·

26 3129 128 3166 tuta
156 3120 246 3172 clici
266 3120 406 3179 potest
423 3122 624 3172 conditio
641 3156 654 3173 ,
688 3120 811 3182 quod
832 3133 1036 3181 tempore
1052 3118 1345 3166 conc-efflonis
1370 3117 1610 3164 Violantes
1634 3132 1805 3164 novum
1829 3118 1972 3177 impe-

27 3179 284 3235 dimentum
313 3182 575 3243 ignoraret,
608 3199 664 3229 ne
687 3183 775 3241 ipsa
794 3183 1131 3230 contradicente
1150 3218 1162 3234 ,
1202 3182 1243 3228 δι
1263 3181 1498 3229 obnitente
1521 3215 1533 3233 ,
1567 3191 1711 3241 prout
1741 3178 1970 3240 contigis-

0 3293 1 3298 ,
26 3241 121 3296 set,
154 3242 183 3297 si
214 3244 591 3304 impedimentum
609 3244 803 3293 seiviffet
828 3281 841 3298 ‚
874 3243 1360 3302 concefl‘adispensatio
1382 3244 1609 3290 diceretur
1631 3260 1642 3286 ε
1663 3242 1707 3287 in
1730 3243 1817 3288 hoc
1834 3244 1971 3302 quip-

26 3320 82 3367 pe
102 3321 257 3354 rerum
273 3307 472 3354 themate
493 3308 661 3355 fastum
680 3306 773 3362 est,
803 3321 937 3370 atque
973 3305 1225 3355 concessum
1262 3305 1477 3369 quidquid
1515 3303 1608 3351 fieri
1630 3339 1641 3356 ,
1677 3317 1752 3350 aut
1783 3303 1968 3350 concedi

25 3381 204 3428 poterat
223 3403 237 3420 ,
267 3382 318 3415 ut
338 3369 682 3417 Matrimonium
699 3405 711 3423 ‚
748 3371 874 3426 cuius
893 3370 1104 3417 validitas
1123 3369 1269 3417 fuerat
1287 3371 1549 3432 approbata
1564 3402 1577 3419 ,
1606 3367 1868 3427 persisterem
1889 3381 1975 3412 nec

24 3431 214 3480 mulieri
234 3430 420 3480 ‘subl-ata
453 3433 514 3480 est
546 3433 738 3480 facultas
783 3434 1077 3496 impugnandi
1114 3448 1171 3479 ex
1207 3448 1332 3479 novo
1364 3431 1513 3492 capite
1552 3429 1844 3476 validitatem
1873 3465 1886 3482 ‚
1939 3426 1974 3473 st

24 3496 131 3538 novi
154 3493 466 3554 impedimenti
489 3496 706 3542 notitiam·
723 3507 927 3556 tempore
941 3495 1239 3543 conceffionis
1256 3494 1416 3556 gratiae
1437 3523 1451 3543 ,
1485 3507 1707 3553 novaeque
1737 3490 1976 3555 dispensa-

27 3555 167 3602 ti'onis
185 3554 399 3604 habuisset
415 3593 428 3610 ‚
463 3559 588 3605 nulla
607 3559 759 3605 habita
794 3556 1151 3605 consideratione
1164 3558 1348 3604 ,notitiae
1374 3554 1740 3616 supervenientis
1755 3554 1854 3618 post
1869 3568 1977 3601 con-

27 3617 279 3724 ceiiionemT
294 3617 474 3686 Brevis—2
495 3635 549 3667 ea
568 3623 732 3684 quippe
751 3619 1067 3683 super-veniens
1085 3619 1407 3729 superveniret
1422 3616 1520 3681 post
1538 3615 1765 3667 sublatum
1779 3631 1866 3679 ope
1884 3629 1975 3661 no-

248 3695 251 3699 *
278 3688 523 3731 orn.Jr'XIV.
1882 3693 1951 3727 Vae

9 3825 12 3832 1

9 3837 15 3926 'l
