2571 3961
504 136 518 166 1

492 124 568 228 {fiii
591 179 937 227 Ecclefiasticum
962 173 1231 221 Beneficium
1250 172 1562 220 conferendum
1580 172 1784 218 parocho
1803 173 1907 219 huic
1928 174 2110 234 privato
2127 209 2140 228 ,
2172 177 2436 236 quandoex,

492 244 559 289 his
576 279 590 295 ,
618 258 712 303 quae
736 241 861 301 supra
888 239 1166 285 narravimus
1183 271 1196 288 ,
1229 236 1400 281 constat
1422 236 1562 294 ipsum
1579 235 1709 295 culpa
1727 235 1801 280 sua
1815 269 1828 285 ,
1863 237 1904 279 &
1924 236 2181 283 voluntario
2201 237 2317 285 fadlo
2334 252 2423 284 non

489 304 697 351 residendi
712 303 886 349 causam
904 297 1064 345 dedisse
1085 299 1327 357 privationi
1342 298 1566 344 Parochiae
1585 330 1598 348 ,
1626 299 1668 342 3<
1689 295 2012 357 consequenter
2025 298 2240 347 amissioni
2263 301 2325 351 sui
2344 299 2422 346 Βε-

491 366 643 413 neficii
667 400 681 417 ,
710 366 763 410 ad
786 367 910 422 cujus
937 361 1148 406 'situlum
1165 372 1396 417 promotus
1433 357 1576 405 fuerat
1606 358 1660 402 ad
1688 358 1994 404 Sacerdotium
2013 396 2027 414 ,
2060 373 2111 404 ut
2126 375 2178 406 ea
2214 369 2345 413 Text.
2375 371 2421 412 in

489 440 586 491 cap.
606 432 709 475 Tuis
728 424 1037 489 qztaefi‘ionibms
1059 427 1109 469 de
1131 422 1359 468 Praebend.
1387 422 1572 466 tradunt
1589 428 1747 467 Lotter
1767 426 1818 466 de
1837 439 1884 468 re
1904 420 2086 475 Benefic.
2103 421 2184 468 lib.
2210 438 2251 469 ¹·
2269 425 2418 486 quaell.

491 502 534 535 2.
555 506 675 536 num.
698 503 735 542 s.
758 489 934 542 Barhoss
953 487 1001 528 de
1022 486 1133 542 Offic.
1156 517 1168 533 2
1210 489 1266 531 eff
1305 483 1469 534 Potest.
1494 486 1832 545 Episcop.pa7·t.
1855 496 1895 530 2.
1930 484 2071 544 alleg.
2093 493 2167 527 20.
2197 500 2315 533 num.
2346 503 2361 533 1
2378 505 2418 538 1.
2490 489 2498 494 ’

492 552 603 598 Haec
634 563 768 609 atque
794 550 886 595 alia
906 547 1151 591 -Promotor
1183 542 1394 592 Fiscalis.
1429 546 1473 591 A
1494 544 1706 602 Parocho
1743 545 1861 591 nihil
1897 545 2161 591 habuimus:
2195 545 2289 593 duo'
2321 546 2423 595 sunt

490 613 647 663 Causae
660 611 793 657 dubia
815 645 827 655 .
857 659 862 664 ‚
924 665 926 669 .
1017 637 1027 668 .'

431 673 464 721 Ι.
501 684 577 722 An
601 678 820 720 Privatio
838 669 1150 729 stistineqt'urZ
1182 671 1226 716 8<
1255 670 1478 732 quatenus
1495 670 1763 717 affirmative
1780 700 1795 715 .

428 736 488 784 11.
509 745 587 784 An
601 738 838 800 Episcopus
856 730 1291 796 tenearzt'rfiapplere
1311 738 1559 797 deproprio
1575 736 1919 782 Patrimonium
1941 739 2127 780 Sacrum
2146 736 2194 781 in
2207 736 2308 795 casu
2323 737 2434 784 &ci

555 861 626 906 Ad
648 859 679 905 Ι.
704 861 777 906 Ad
799 860 943 906 Dom.
974 860 1275 906 Secretarium
1309 857 1451 905 etiam
1488 857 1638 920 quoad
1668 859 1828 906 damna
1848 892 1864 913 ‚
1899 859 1942 904 &
1992 856 2222 910 intereffe'.
2256 824 2334 909 'Ad
2364 828 2445 908 nos

489 923 721 984 provisum
750 925 796 969 in
812 924 965 985 primo
982 953 998 968 .
2339 923 2345 930 ‘

54 1068 373 1126 sessu->⁶³20
565 1046 924 1095 YssURTINA
943 1047 1177 1099 MEDIAE
1211 1047 1541 1097 ANNATAE:
1573 1046 1918 1096 Constitutione
1937 1047 2014 1095 san
2048 1066 2183 1098 mem.
2204 1046 2436 1097 Benedicti

18 1135 71 1181 de
90 1130 182 1188 Res·
588 1111 724 1157 Xsll.
741 1148 753 1164 ‚
786 1117 913 1169 cujus
936 1113 1122 1161 initium
1147 1113 1207 1162 est
1224 1131 1248 1157 κ
1289 1115 1406 1159 'Pius
1424 1147 1438 1165 ,
1458 1121 1515 1161 (φ
1538 1114 1795 1170 misericors
1817 1110 2026 1174 impressa
2044 1114 2138 1176 post
2166 1113 2436 1172 Concilium

491 1173 747 1219 Romanum
766 1187 948 1221 cantum
979 1175 1067 1222 suit
1090 1208 1119 1231 ,,
1155 1177 1219 1227 Ut
1248 1178 1292 1223 in
1312 1176 1532 1235 posterum
1567 1177 1737 1236 provisi
1754 1179 1806 1223 de
1844 1176 2184 1225 parochialibus
2201 1192 2292 1223 una
2328 1190 2437 1223 cum

493 1272 524 1290 ‚,
557 1236 744 1283 incertis
761 1253 961 1285 annuum
980 1241 1200 1287 redditum
1218 1239 1453 1288 scutorum
1473 1238 1675 1284 Centum
1695 1251 1891 1286 monetae
1918 1239 2135 1287 Romanae
2166 1238 2436 1287 excedenti-

494 1334 526 1352 ,‚
562 1299 639 1344 bus
663 1334 674 1349 ,
702 1301 746 1344 &
776 1301 828 1346 de
844 1301 1208 1350 Canonicatibus
1228 1337 1241 1354 ,
1274 1303 1315 1348 δι
1352 1299 1586 1348 Beneficiis
1614 1313 1708 1347 tam
1741 1301 2106 1349 refidentialibus
2129 1338 2144 1357 ‚
2175 1316 2310 1365 quam
2339 1315 2436 1348 non

491 1396 525 1415 ‚‚
560 1361 918 1410 refidentialious
945 1401 954 1411 .
985 1365 1026 1411 &
1047 1365 1318 1426 fimplicibus
1338 1365 1427 1411 sitis
1446 1377 1573 1411 extra
1594 1363 1811 1412 Ecclesias
1826 1364 2116 1428 Collegiatas
2135 1401 2149 1420 ,
2180 1364 2440 1421 cujuscum-

495 1460 526 1479 „
561 1442 651 1487 que
670 1427 840 1472 valoris
856 1427 1048 1473 extstant
1068 1463 1081 1480 ,
1115 1442 1380 1481 teneantur,
1412 1427 1589 1474 solvere
1607 1464 1620 1481 ,
1648 1429 1691 1474 &
1724 1428 1966 1488 respective
1990 1429 2225 1489 deponere
2244 1428 2438 1473 mediam

496 1524 527 1541 „
562 1501 771 1540 annatam
811 1505 896 1550 pro
918 1490 1090 1537 fabrica
1111 1492 1314 1543 Ecclesiae
1334 1489 1629 1538 cathedralis
1646 1525 1676 1543 ,,
1696 1523 1710 1537 .
1740 1491 1805 1538 Ex
1824 1492 1908 1538 hac
1928 1490 2274 1538 Constitutione
2295 1487 2444 1548 Capi-

496 1553 643 1598 tulum
663 1550 866 1599 Ecclesiae
887 1553 1172 1601 Cathedralis
1191 1554 1400 1616 Tyburis
1422 1566 1577 1601 contra
1600 1554 1849 1602 Parochum
1876 1553 1948 1600 seu
1981 1555 2445 1614 Archipresbyterum

494 1613 644 1662 Castri
661 1614 867 1660 Sambuci
887 1651 898 1667 ‚
932 1617 1011 1676 qui
1027 1631 1051 1662 a
1079 1616 1504 1665 Vicario.Generali
1529 1615 1798 1679 Tyburtino
1815 1618 2054 1664 damnatus
2071 1617 2159 1664 fuit
2177 1619 2227 1662 ad
2243 1613 2443 1665 mediam

496 1692 708 1727 annatam
729 1676 993 1724 solvendam
1012 1712 1026 1730 ,
1060 1681 1318 1745 appellavit
1341 1681 1726 1742 Archipresbyter
1741 1681 1796 1727 ad
1817 1682 1879 1727 A.
1914 1677 1976 1726 C.
1999 1714 2013 1733 ,
2047 1682 2086 1726 δε
2107 1713 2122 1731 ,
2156 1691 2204 1725 ut
2224 1680 2443 1725 evaderet

496 1755 700 1802 apertam
727 1738 1021 1790 Benedictinae
1054 1743 1187 1805 Legis
1209 1742 1546 1805 dispositionem
1569 1777 1582 1795 2
1616 1743 1800 1803 excepit
1832 1741 2149 1791 Parochialein
2170 1741 2324 1792 suanm
2357 1741 2446 1786 de-

496 1804 643 1862 ductis
659 1803 869 1849 oneribus
886 1839 904 1858 ‚
943 1805 983 1850 δι
1007 1806 1209 1866 expensis
1225 1842 1236 1858 ,
1271 1821 1362 1852 non
1388 1804 1586 1866 praestare
1606 1821 1807 1852 annuum
1824 1806 2052 1852 redditum
2070 1805 2181 1852 scut.
2227 1818 2328 1850 100.
2347 1799 2449 1848 Re·
2465 1853 2494 1870 Ἰ

497 1865 698 1928 plicabat
715 1865 987 1925 Capitulum
1003 1883 1139 1916 onera
1159 1906 1173 1923 ,
1209 1871 1250 1916 &
1282 1868 1496 1931 expensas
1516 1883 1602 1915 non
1621 1866 1709 1914 effe
1729 1869 2045 1914 detrahendas:
2073 1879 2232 1916 contra
2263 1864 2445 1912 Archi-

497 1932 730 1992 presbyter
746 1929 996 1977 deducenda
1013 1930 1099 1977 esse
1118 1932 1387 1991 substinebant
1403 1967 1415 1984 ,
1434 1932 1474 1977 &
1496 1932 1610 1978 hanc
1627 1929 1711 1977 esse
1733 1931 1981 1994 legitimam
2000 1929 2304 1978 Benedifflnae
2323 1928 2451 1974 Con·-

498 1993 742 2040 stitutionis
763 1991 1179 2052 interpretationem
1198 2033 1208 2042 .
1241 1994 1490 2042 Constituit
1513 1998 1568 2040 A.
1590 1993 1646 2040 C.
1666 2010 1806 2042 onera
1825 2030 1837 2048 ,
1870 1996 1914 2040 &
1938 1996 2154 2056 expensas
2184 1990 2271 2038 esse
2304 1991 2450 2056 dedu-5
2498 2021 2500 2023 -

497 2058 658 2103 cendas
674 2091 686 2107 ‚
703 2053 859 2102 &ideo
877 2056 1073 2104 absolvit
1095 2059 1555 2120 Archipresbyterum
1577 2092 1590 2110 ‚
1609 2072 1820 2104 revocata
1842 2057 2073 2105 Sententia
2086 2055 2266 2104 Vicani
2295 2053 2451 2103 Gene-

498 2120 602 2166 ralis
626 2117 882 2180 Tyburtini
898 2150 916 2166 .
946 2121 1059 2170 Haec
1077 2124 1311 2168 Sententia
1330 2122 1527 2166 animum
1551 2155 1563 2173 2
1595 2133 1727 2182 atque
1747 2136 1867 2166 arma
1886 2120 2095 2181 praestitit
2113 2118 2328 2166 Parochis
2349 2116 2452 2165 aliis

499 2182 773 2228 Dioeceleos
797 2215 810 2233 ,
852 2196 900 2227 ut
921 2184 1111 2231 mediam
1152 2188 1383 2232 Armatam
1413 2181 1636 2244 Capitulo
1666 2186 1941 2246 denegarent
1960 2216 1974 2231 .
2000 2182 2278 2245 Capitulum
2311 2180 2452 2242 igitur

498 2243 615 2292 adiit
636 2245 794 2289 Binum
822 2245 1076 2293 Dominum
1098 2247 1485 2296 Pro-Auditorem
1502 2245 1765 2292 sanctissimi
1792 2248 1980 2294 Domini
2015 2247 2152 2294 nostri
2176 2280 2190 2299 ,
2229 2246 2307 2305 qui
2326 2243 2454 2290 Cau-

498 2308 587 2353 {am
606 2306 755 2367 quoad
782 2306 991 2357 Dubium
1020 2315 1064 2358 in
1076 2327 1247 2372 genere
1276 2323 1453 2356 tantum
1475 2308 1670 2373 proponi
1695 2310 1812 2367 justit
1834 2310 1883 2356 in
1904 2311 1986 2356 boc
2008 2311 2144 2358 Sacro
2162 2305 2451 2356 Tribunali.

500 2370 750 2429 Disputant
782 2383 898 2416 nunc
916 2370 1060 2432 igitur
1087 2373 1280 2421 Parochi
1317 2371 1581 2420 Dioeceseos
1607 2388 1702 2419 rem
1720 2373 1888 2420 dudum
1910 2372 2041 2420 fuisse
2077 2369 2314 2420 definitam
2346 2368 2452 2414 De-

499 2436 638 2481 cretis
663 2433 794 2489 hujus
817 2432 959 2481 Sacrae
981 2436 1360 2501 Congregationis
1382 2441 1425 2482 in
1454 2435 1675 2498 ‘Nepesina
1694 2436 1977 2499 17.As1gusti
2005 2445 2136 2491 1726.
2156 2440 2202 2483 in
2238 2435 2448 2480 Tuderti—

501 2517 559 2546 na
579 2512 625 2551 7.
639 2498 777 2555 '‘Jltnii
805 2509 941 2560 1727·
959 2503 1004 2546 in
1027 2509 1305 2549 Maceraten.
1334 2505 1403 2544 28.
1426 2501 1654 2555 &Januarii
1681 2511 1811 2563 1730.
1849 2516 1947 2562 quae
1971 2512 2120 2546 tamen
2144 2499 2191 2546 in
2227 2496 2448 2554 Thesauro

502 2562 647 2620 Resol·
667 2565 1036 2620 congregationis
1056 2579 1144 2609 non
1173 2561 1433 2610 invenimus
1454 2576 1467 2610 3
1504 2561 1547 2606 8<
1567 2565 1727 2621 quibus
1750 2563 2014 2622 rescriptum
2038 2563 2216 2611 dicitur
2252 2557 2450 2606 mediam

502 2634 711 2670 annatam
734 2621 817 2671 effe
837 2621 1094 2671 solvendam
1114 2642 1167 2672 ex
1191 2626 1407 2672 fructibus
1428 2623 1737 2688 percipiendis
1759 2659 1773 2676 ,
1798 2625 2006 2674 ‘deduffls
2024 2627 2235 2672 oneribus
2267 2621 2452 2683 pensio-

501 2704 606 2737 num
625 2721 638 2739 ,
672 2686 937 2732 livellorum
953 2722 967 2739 ‚
987 2687 1289 2736 Colle-{tarum
1309 2686 1617 2734 Cameralium
1636 2725 1649 2743 ‚
1679 2691 1914 2736 Sacrorum
1935 2692 2210 2752 agendorum
2234 2687 2363 2742 juxta
2379 2684 2451 2731 16·-

502 2767 603 2813 gem
629 2748 923 2795 Fundationis
942 2783 956 2801 ,
999 2766 1081 2797 nec
1099 2768 1186 2798 non
1204 2751 1404 2813 expensis
1430 2749 1684 2798 neceffariis
1706 2767 1788 2813 pro
1822 2752 2020 2800 Ecclesia
2037 2790 2050 2807 ,
2090 2751 2291 2800 Sacrario
2312 2782 2326 2800 ‚
2359 2747 2451 2795 do-

503 2815 651 2860 mibus
682 2829 693 2856 ε
737 2827 882 2874 neque
912 2811 1095 2860 obstare
1135 2815 1382 2863 Decretum
1413 2819 1459 2862 in
1494 2818 1901 2878 Forosempronien.
1944 2821 2104 2865 Mediae
2137 2817 2338 2878 Armatae
2383 2810 2451 2861 18·

507 2880 675 2922 Martii
701 2887 827 2936 1743.
847 2877 955 2935 quia
976 2875 1338 2940 distinguendum
1357 2877 1407 2924 fit
1431 2880 1549 2923 inter
1565 2893 1702 2924 onera
1736 2877 1990 2935 personalia
2007 2913 2021 2931 ,
2056 2878 2109 2924 de
2127 2874 2292 2937 quibus
2317 2887 2363 2921 in
2395 2878 2448 2939 ep

507 2938 655 2983 Causa
675 2941 930 2997 agebatur,
967 2939 1007 2984 &
1035 2955 1174 2988 onera
1197 2942 1339 2988 realia
1358 2976 1371 2994 ,
1400 2941 1457 2986 de
1473 2942 1632 3002 quibus
1664 2955 1784 2988 nunc
1803 2945 1957 3000 agitur
1974 2971 1989 2985 .
2027 2943 2211 2987 Addunt
2232 2939 2342 2985 alias
2380 2950 2450 3007 τεξ-

507 3003 657 3045 tiones
689 3002 889 3047 deductas
926 3015 1022 3050 tum
1057 3019 1081 3049 a
1113 3004 1468 3065 jurisprudentia
1503 3037 1518 3056 ,
1566 3019 1624 3050 ex
1672 3018 1760 3065 qua
1799 3003 1956 3050 scimus
1992 3002 2154 3050 fructus
2190 3016 2276 3047 non
2310 3000 2399 3047 dici
2425 3029 2442 3049 0

508 3061 590 3109 nisi
610 3063 808 3109 deduffls
825 3067 1035 3112 oneribus
1053 3101 1066 3119 ‚
1101 3069 1143 3114 δι
1167 3067 1372 3129 impensis
1395 3102 1408 3121 ‚
1436 3078 1533 3115 tum
1553 3083 1609 3114 ex
1631 3064 1809 3113 historia
1826 3066 1979 3112 harum
2000 3063 2287 3113 Annatar'um
2303 3097 2317 3118 ,
2351 3063 2449 3126 quie

508 3126 698 3177 {initium
723 3127 976 3173 habuerunt
995 3144 1020 3174 a
1045 3132 1212 3185 joanne
1231 3128 1396 3176 XX11.
1417 3165 1430 3183 ‚
1465 3134 1506 3178 δι
1541 3129 1702 3175 mediae
1723 3130 1920 3176 Annatae
1940 3162 1953 3180 ‚
1987 3130 2116 3185 cuius
2141 3126 2321 3173 Author
2357 3122 2444 3168 fuit
2464 3146 2483 3192 '.·

488 3182 775 3234 'Bonisacl'us
796 3188 882 3234 IX·
901 3222 914 3239 2
945 3202 1040 3236 tum
1058 3192 1250 3253 denique
1273 3210 1299 3240 a
1320 3194 1447 3254 praxi
1473 3192 1674 3240 Datariae
1698 3190 1997 3248 Apostolicae.
2034 3194 2082 3239 A
2113 3187 2338 3252 Capitulo
2354 3183 2441 3232 Ec·

490 3251 652 3298 'clestae
669 3251 961 3299 Cathedralis
981 3256 1178 3302 nondum
1199 3255 1403 3303 libellum
1429 3256 1665 3302 habuimus
1696 3291 1708 3301 .
1736 3254 1948 3301 Dubium
1971 3256 2034 3302 est
2051 3288 2062 3301 .

448 3322 526 3363 2An
544 3347 558 3365 ‚
586 3321 642 3363 Θ
661 3331 754 3377 quae
773 3330 906 3362 onera
927 3348 942 3367 ,
979 3322 1037 3365 &⁹
1057 3320 1251 3381 expensae
1265 3318 1356 3375 Jint
1371 3321 1628 3367 deducendae
1646 3333 1706 3364 ex
1724 3319 1979 3369 redditibus
1999 3315 2320 3378 Benqficiorum
2346 3321 2452 3358 tant

517 3384 780 3424 curatorum
798 3411 812 3430 ‚
847 3394 981 3440 quam
998 3396 1082 3428 non
1103 3389 1369 3428 curatorum
1388 3385 1434 3429 in
1453 3382 1556 3441 casu
1576 3385 1678 3430 (νε.
2408 3391 2410 3393 “

575 3496 738 3545 Dilata
754 3506 805 3550 ad
825 3503 1019 3564 primam
1038 3504 1136 3567 post
1156 3506 1314 3567 Agnos
1333 3535 1348 3552 .
