2571 3961
1969 177 1995 208 2

87 247 191 284 nes,
224 239 333 290 quas
354 221 632 284 impossibile
655 238 756 274 erat
783 226 954 272 habere>
971 258 984 277 ‚
1018 238 1120 272 eum
1145 257 1159 276 .
1191 222 1308 269 vivo
1327 221 1462 276 viro,
1492 224 1670 270 nullum
1690 225 1883 271 verbum
1908 176 2028 271 feee⁵3

79 298 144 345 rit
175 293 228 338 de
263 288 388 336 illius
423 287 742 338 imbeclllitate
761 326 773 342 ,
808 299 1106 349 praeterquam
1139 287 1183 332 in
1204 286 1614 333 sacramentalibus
1632 285 1990 334 Confessionibus
2011 323 2025 341 ,

84 363 130 408 &
149 348 466 403 Confessarius
484 386 497 404 ,
532 350 640 398 licet
657 356 699 400 ei
720 353 831 401 faeta
857 348 1002 396 fuiss'et
1022 365 1047 394 a
1064 349 1316 395 Catharina
1339 348 1527 410 potestas
1549 349 1755 395 narrandi
1778 384 1789 401 ,
1822 366 1920 411 quae
1942 351 2025 395 hac

86 425 145 469 de
177 432 225 465 re
244 416 334 477 ipsa
350 411 591 459 audiverat
613 453 626 470 ,
660 433 753 464 non
774 413 1082 461 recordaretur
1098 449 1113 463 .
1153 409 1249 458 1²0st
1269 412 1361 459 haec
1381 412 1547 458 iterum
1567 411 1712 472 petita
1750 410 1833 456 fuit
1848 411 2026 469 dispen-

89 483 207 531 satio
230 498 241 524 =
275 479 381 524 dum
400 477 483 521 hac
502 479 551 522 de
567 494 616 526 re
635 480 792 527 Romae
813 477 965 538 agitur
981 511 995 529 ‚
1031 474 1275 522 familiaris
1297 474 1378 521 illa
1399 474 1683 522 conversatio
1714 474 1835 520 inter
1851 474 2025 528 Johan-

88 560 196 595 nem
214 577 228 596 ,
263 542 304 588 δι
328 539 628 589 Catharinam
648 544 692 590 in
717 541 849 591 causa
867 538 956 584 suit
972 574 984 591 ,
1020 549 1069 584 ut
1089 538 1181 596 ipsa
1196 537 1359 583 iterum
1379 553 1432 584 ex
1457 538 1624 583 Leviro
1642 537 1902 596 conciperet
1921 572 1934 588 ‚
1953 538 2029 584 al·

29 657 32 660 ,
90 621 328 666 teramque
351 603 439 661 post
458 620 623 651 novem
640 603 853 652 mensium
874 600 1041 648 fastidia
1059 599 1231 659 peperit
1246 597 1392 646 filiam
1406 630 1419 643 .
1439 597 1652 646 Precibus
1671 614 1758 661 pro
1778 604 2025 659 impetran-

0 662 37 675 ’“
91 673 147 718 da
178 666 510 729 dispensatione
540 670 708 716 oblatis
726 666 998 726 rescriptum
1019 662 1155 712 fuit„
1187 662 1351 713 Instent
1375 661 1469 715 post
1494 662 1720 709 obtentam
1752 665 2029 720 sentenciam

92 735 150 782 ab
172 735 412 780 ordinario
436 733 571 793 super
605 733 889 779 matrimonio
912 738 1012 771 rato
1034 759 1048 777 ,
1082 731 1140 773 Θ
1170 740 1252 770 non
1273 725 1554 781 consumato.
1592 725 1878 771 Sententiam
1913 726 2029 774 hanc

89 795 203 846 ferri
219 803 436 841 curarunt
456 809 480 838 a
495 794 639 840 Curia
659 787 887 840 Leodienst
904 820 917 835 ,
950 803 1050 848 quae
1068 785 1359 848 provinciam
1380 786 1495 833 hanc
1524 786 1758 833 mandavit
1778 786 2033 834 Examina-

91 860 269 907 mribus
290 855 590 916 Synodalibus
609 889 623 903 .
644 854 913 904 Renovavit
934 850 1188 898 Catharina
1210 864 1363 919 coram
1382 848 1608 918 Notario,
1642 851 1685 896 &
1713 849 1917 897 Testibus
1939 850 2034 907 jus-

90 923 332 982 iurandum
349 921 402 965 de
422 918 770 973 imbecillitate,
805 928 941 977 atque
980 915 1146 962 inertia
1182 913 1267 958 viri
1292 946 1305 964 ,
1338 911 1380 958 δι
1401 913 1725 973 lmpollutam,
1761 929 1812 960 ac
1846 928 1934 959 non
1955 913 2033 962 vi-

92 987 255 1034 tiatam
273 982 328 1029 ab
355 995 409 1027 eo
428 978 555 1026 fuisse
573 983 912 1030 Examinatores
940 978 1001 1024 ita
1022 979 1322 1025 decreverunt
1340 1009 1371 1027 ‚,
1404 974 1517 1022 Visa
1543 975 1895 1039 examinataque
1914 992 2002 1036 prae
2016 1002 2037 1013 -

92 1083 126 1106 ‚,
155 1046 268 1093 senti
300 1041 635 1104 supplicatione
652 1061 754 1094 cum
774 1044 986 1093 omnibus
1005 1036 1352 1090 circumstantiis
1386 1037 1432 1084 in
1472 1053 1522 1084 ea
1538 1040 1771 1086 contentis
1794 1074 1808 1092 ,
1839 1039 2034 1085 audito-

91 1145 125 1166 ,‚
157 1122 256 1216 qutses
270 1104 455 1168 desuper
490 1106 699 1157 Parocho
718 1145 732 1165 ,
765 1108 840 1156 seu
870 1104 988 1154 Vice
1009 1103 1216 1152 Parocho
1239 1113 1507 1157 oratorum,
1540 1099 1768 1150 censemus
1806 1102 1870 1149 eis
1907 1102 2034 1149 credi

188 1186 214 1216 o
252 1185 308 1216 e.

27 1187 197 1284 Teitib
213 1233 358 1291 igitur
376 1232 677 1296 supplicatum
697 1235 787 1284 fuit
805 1233 874 1282 SS.
899 1235 959 1284 D.
985 1237 1045 1285 N.
1073 1245 1161 1294 pro
1176 1227 1514 1291 dispensatione
1532 1265 1543 1282 ,
1577 1228 1654 1290 qui
1673 1228 2033 1292 cognitionem.»

88 1299 207 1346 hanc
224 1295 592 1345 Eminentiffimis
612 1299 821 1347 Patribus
845 1300 1080 1348 mandavit
1105 1333 1115 1344 .
1149 1293 1358 1341 Auditus
1380 1291 1604 1340 Officiall's
1625 1291 1880 1339 Leodiensls
1916 1295 2035 1340 idem

88 1360 262 1417 cenfitit
279 1393 294 1412 ‚
327 1363 444 1422 quod
464 1367 806 1412 examinatores
823 1364 1091 1412 censuerunt
1113 1393 1125 1411 ‚
1160 1355 1511 1417 videlicetpoffe
1532 1356 1747 1404 adhiberi
1762 1354 1896 1410 fidem
1920 1363 2031 1401 Ora-

86 1423 264 1473 toribus
285 1457 295 1468 .
332 1422 562 1470 postulant
583 1426 736 1487 itaque
760 1441 881 1473 nunc
898 1426 1091 1481 loannes
1113 1456 1126 1474 ‚
1154 1422 1194 1466 &
1214 1418 1463 1465 catharina
1480 1452 1492 1470 ,
1529 1431 1579 1476 ut
1619 1415 2034 1466 fit'consulendum

88 1485 360 1535 Sanfflfftmo
377 1500 455 1547 pro
486 1485 815 1547 dispensatione
847 1523 860 1539 ‚
894 1490 999 1552 quia
1032 1485 1210 1536 nullum
1246 1480 1478 1528 affinitatis
1510 1481 1889 1543 impedimentum
1919 1481 2033 1528 oriri

87 1549 292 1612 potuerit
309 1563 363 1595 ex
378 1548 680 1599 matrimonio
700 1588 712 1605 ,
738 1555 854 1612 quod
891 1564 1037 1599 ratum
1054 1551 1200 1599 solum
1232 1542 1320 1590 suit
1344 1579 1355 1595 ‚
1394 1559 1482 1590 non
1516 1546 1656 1593 etiarn
1679 1543 2000 1591 consumatum
2023 1578 2039 1597 2

86 1614 288 1672 ideoque
324 1611 416 1658 solo
429 1613 623 1674 detineri
645 1630 726 1662 eos
746 1615 1082 1677 impedimento
1101 1609 1300 1675 publica:
1323 1607 1569 1655 honestatis
1591 1643 1604 1660 ‚
1642 1621 1690 1653 ut
1711 1606 1959 1655 declaravit
1991 1609 2037 1658 S.

92 1677 199 1725 Pius
222 1673 284 1720 V.
306 1674 438 1728 const.
461 1676 546 1732 sua
568 1679 647 1725 62.
666 1711 680 1729 ,
706 1678 748 1724 δι
769 1676 939 1738 pluries
955 1679 1012 1724 ab
1028 1677 1114 1724 hoc
1131 1675 1158 1719 S
1193 1670 1447 1718 Tribunali
1468 1669 1713 1718 definitum
1741 1667 1867 1716 fuisse
1894 1669 2040 1718 testa-

85 1752 165 1787 tut·
195 1738 377 1784 corrad,
394 1738 440 1784 in
455 1752 601 1799 prax.
618 1741 803 1803 dispens}
824 1741 954 1789 lih.8.
978 1753 1058 1803 rap
1077 1751 1120 1800 7.
1139 1748 1287 1791 num-*1
1302 1748 1343 1788 ς.
1365 1768 1377 1784 ,
1414 1741 1471 1783 &²
1491 1747 1566 1780 20.
1585 1751 1608 1781 a
1627 1749 1719 1794 quo
1734 1734 1878 1779 etiam
1897 1733 1946 1779 in
1963 1733 2035 1781 his

86 1799 260 1850 casibus
293 1797 682 1862 dispensationem
698 1803 881 1851 concedi
900 1799 1178 1850 consuevisse
1202 1793 1407 1845 referunt
1427 1795 1545 1842 idem
1564 1799 1741 1844 corrad.
1762 1799 1858 1843 eod.
1877 1810 1973 1859 cap.
1988 1807 2039 1859 7.

85 1881 205 1915 num.
230 1878 309 1910 21.
332 1863 503 1911 Aldan.
530 1868 577 1912 in
605 1870 834 1931 Compend.
856 1875 1011 1914 Canon.
1034 1860 1311 1919 resbl.lib.12
1335 1863 1410 1907 tit.
1431 1864 1470 1905 8,
1491 1877 1665 1908 numer·
1687 1873 1762 1920 55.
1781 1858 1962 1918 Barbofi
1981 1860 2039 1904 ad

90 1927 259 1975 Concil.
278 1925 525 1986 Trid.sess.
547 1942 619 1989 24.
643 1941 737 1993 cap.
755 1943 796 1990 3.
815 1933 866 1978 de
880 1931 961 1987 refi
984 1926 1188 1999 svlgnum
1231 1939 1301 1978 13.
1321 1922 1394 1970 De
1416 1922 1575 1969 inertia
1595 1958 1608 1976 ,
1643 1932 1776 1984 atque
1819 1920 2036 1968 imbecil-

86 1991 224 2038 litate
241 1986 437 2034 defuncti
462 1988 549 2035 viri
573 1992 660 2039 hoc
679 1990 778 2039 casu
797 2026 811 2044 ,
838 1991 884 2039 in
903 2007 995 2053 quo
1016 2005 1108 2037 non
1126 1990 1303 2050 agitur,
1335 1998 1386 2031 ut
1421 1984 1628 2032 solvatur
1655 1984 1999 2031 matrimonium
2020 2018 2035 2037 ,

85 2052 164 2101 sed
182 2067 238 2098 ne
264 2049 411 2098 obstet
440 2051 679 2101 affinitatis
699 2054 1074 2115 impedimentum
1094 2086 1108 2104 ‚
1139 2052 1243 2097 satis
1259 2050 1456 2097 constare
1477 2047 1657 2096 censent
1687 2064 1742 2094 ex
1761 2049 1913 2103 iurata
1930 2062 2036 2095 mu-

88 2116 216 2164 liel'is
237 2111 508 2171 ConfeffiODe
532 2151 546 2170 2
578 2133 715 2178 quam
735 2151 748 2170 ‚
781 2116 995 2180 spe&atis
1023 2116 1086 2163 rei
1103 2112 1457 2166 circumstantiis
1475 2147 1488 2164 ,
1519 2111 1806 2172 spectandum
1837 2109 1921 2156 esse
1939 2124 2034 2158 tra-

83 2182 197 2227 dunt
217 2178 380 2226 sanch.
403 2180 455 2225 de
477 2181 615 2229 matr'.
634 2181 772 2228 lib.z.
789 2181 896 2244 defi).
916 2196 991 2240 45.
1010 2196 1084 2227 nu.
1100 2190 1167 2225 ιε.
1190 2177 1374 2224 ciarlin.
1393 2186 1536 2220 contr.
1551 2175 1644 2232 for.
1661 2186 1779 2236 cap-‚r
1791 2189 1808 2226 ς
1825 2189 1862 2221 1.
1880 2189 2035 2234 nu.37.

85 2245 257 2299 vrsciya
289 2241 473 2302 dil'cept.
496 2244 663 2301 Ecales.
683 2255 968 2301 22.n.um.r7.
988 2252 1297 2302 tom.5·.par.2
1332 2255 1347 2289 3
1382 2237 1476 2287 Res
1493 2236 1614 2282 enim
1655 2236 1700 2282 in
1731 2250 1834 2282 eum
1871 2236 2034 2285 statum

85 2304 219 2351 venit
237 2336 250 2354 ‚
272 2318 323 2350 ut
343 2302 471 2349 locus
491 2302 578 2350 esse
600 2321 687 2352 non
705 2304 838 2367 possit
859 2305 1125 2367 inspeetioni
1142 2303 1337 2359 corporis
1355 2300 1444 2346 sive
1467 2300 1554 2345 viri
1576 2333 1590 2350 ‚
1607 2299 1684 2359 qui
1702 2297 1933 2348 defunctus
1947 2299 2035 2363 5st,

85 2366 174 2415 five
192 2367 394 2413 mulieris
413 2401 426 2418 ‚
454 2381 550 2427 quae
569 2382 593 2413 a
610 2369 779 2423 joanne
797 2366 1150 2426 compreffa'fuit
1171 2401 1184 2418 ‚
1223 2364 1413 2426 ideoque
1433 2361 1681 2409 necess'ario
1721 2361 1941 2422 sequenda
1972 2362 2034 2409 est'

81 2429 176 2486 eius
206 2429 418 2476 coafeffio
452 2433 741 2490 comprobata
769 2430 1056 2478 sacramento
1077 2465 1089 2482 ,
1120 2430 1241 2490 quod
1275 2442 1379 2473 cum
1414 2425 1656 2485 praestitum
1696 2421 1838 2471 fuerit
1881 2460 1894 2477 ,
1937 2425 2034 2487 post

81 2508 213 2554 quam
233 2492 287 2536 de
308 2489 528 2539 nullitate
546 2492 893 2555 dispensationis
917 2530 929 2548 ,
960 2492 988 2539 fi
1011 2492 1232 2553 peieraret
1257 2524 1270 2541 ,
1304 2490 1478 2535 monita
1498 2487 1584 2535 fuit
1607 2522 1617 2538 κ,
1648 2502 1856 2548 magnam
1879 2487 1958 2534 fibi
1978 2488 2032 2535 fi-

85 2556 192 2602 dem
210 2553 428 2601 conciliat
447 2589 461 2606 ‚
496 2570 603 2602 cum
624 2555 976 2615 praesumendum
996 2569 1086 2601 non
1111 2553 1160 2600 lit
1181 2553 1387 2617 peierare
1411 2567 1511 2598 eam
1545 2547 1731 2596 voluiss'e
1752 2585 1765 2604 ‚
1803 2565 1853 2597 ut
1882 2552 2032 2602 astum

87 2614 451 2663 faceretnullum
472 2647 487 2662 .
520 2617 715 2664 Accedit
738 2619 1047 2680 quinque-nnio
1082 2617 1196 2667 illo,
1234 2632 1324 2678 quo
1360 2615 1481 2662 vixit
1504 2612 1766 2666 Arnoldus,
1803 2613 2032 2664 nullum...

84 2676 338 2743 apparuisse
357 2680 674 2740 conceptionis
689 2680 864 2742 iignum
884 2717 895 2734 ,
927 2681 1052 2744 quod
1073 2692 1220 2725 tamen
1238 2679 1305 2724 bis
1323 2676 1530 2738 apparuit
1551 2711 1563 2726 .
1601 2674 1829 2735 postquam
1848 2692 1875 2723 a
1891 2677 2035 2730 Joan-

85 2743 265 2790 ne'viro
285 2740 391 2786 forti
410 2742 576 2787 vitiata
594 2739 714 2794 fuit3
752 2743 923 2789 Nullus
944 2757 1122 2804 quoque
1144 2741 1250 2788 huic
1270 2738 1592 2797 dispensationi
1616 2737 1705 2784 sese
1726 2739 1901 2798 praestat
1922 2754 2035 2785 con·

86 2805 395 2852 tradifiorem:
420 2805 600 2865 *Agitur
616 2807 669 2851 de
687 2805 1003 2867 reintegranda
1023 2803 1139 2851 fama
1172 2805 1404 2858 mulieris,
1436 2804 1477 2849 &
1515 2800 1671 2848 sobole
1706 2801 1999 2862 legitimanda
2020 2835 2036 2849 .

89 2867 353 2916 Per-iculum
370 2865 434 2912 est
453 2901 466 2919 ,
500 2879 551 2913 ut
568 2866 617 2913 hi
634 2881 836 2914 amantes
868 2869 916 2913 in
934 2870 1134 2926 proxima
1156 2867 1470 2914 haereticorum
1499 2866 1596 2910 loca
1630 2863 1836 2911 secedant
1860 2902 1870 2913 .
1907 2864 2037 2918 Judi-

88 2931 212 2976 cium
227 2929 597 2976 Examinatorum
617 2964 630 2983 ,
662 2931 704 2977 &
730 2929 953 2977 Officialis
981 2929 1237 2977 Leodiensis
1260 2929 1313 2976 iis
1349 2928 1475 2977 favet
1493 2958 1509 2975 .
1543 2926 1743 2974 Videant
1781 2928 1923 2990 igitur
1943 2927 2030 2981 BE.

90 2992 180 3038 Pp,
201 3026 214 3044 ‚
242 3006 328 3052 qua
351 2991 531 3037 ratione
553 2991 884 3050 expediendum
903 2991 956 3037 sit
980 2992 1190 3039 Dubium
1210 3029 1222 3041 .

22 3053 176 3112 ·.Anfit
197 3051 504 3112 consule-ndum
529 3055 794 3116 Sanitifflmo
802 3067 889 3120 pro
907 3057 1231 3118 dispensatione
1249 3059 1294 3104 in
1310 3057 1409 3115 casa
1429 3060 1529 3105 &a

158 3180 204 3228 N
213 3177 396 3241 egative
429 3207 445 3224 .

443 3365 600 3457 Die
627 3366 1010 3458 sabbathi
1035 3366 1341 3483 7.Junii
1381 3399 1408 3453 1
1427 3393 1528 3476 75
1551 3393 1620 3475 5.

182 3557 390 3606 EATIN
406 3560 444 3606 A
473 3559 981 3628 CAPPELLANlffiz
1019 3565 1229 3614 Definita
1254 3562 1343 3612 fuit
1365 3563 1421 3609 ab
1441 3559 1805 3610 Eminentiffimis
1830 3562 2037 3611 Patribus
2089 3561 2269 3623 Seffl24.
2286 3569 2459 3614 cuz&

194 3620 288 3689 bac
309 3621 456 3693 Causa
476 3638 522 3668 m
543 3625 704 3692 ultima
721 3629 1094 3694 Congregatione
1111 3628 1274 3674 habita
1292 3625 1366 3673 die
1391 3640 1462 3672 10.
1483 3624 1692 3672 transacti
1724 3626 1886 3673 mensis
1905 3625 2039 3677 Maii,
2076 3627 2183 3685 sess.
2203 3640 2281 3680 23.
2300 3643 2396 3691 cap.
2413 3642 2462 3689 9.

80 3684 124 3729 ἃ
144 3687 289 3731 tribus
311 3699 411 3740 ejus
432 3685 598 3735 Dubiis
617 3724 630 3742 ‚
663 3707 861 3753 quorum
880 3727 915 3750 ‚,
951 3694 988 3743 1.
1006 3702 1107 3741 erat
1125 3689 1292 3747 Anius
1328 3685 1606 3738 nominandi
1628 3686 1963 3752 Cappellanum
1985 3689 2039 3736 ad
2084 3692 2137 3740 de
2153 3691 2261 3753 Res.

182 3797 198 3806 ,,
268 3754 550 3799 Tam-XXIV.
1065 3754 1116 3802 D
1181 3765 1209 3798 2
1774 3786 1805 3808 ω
1842 3751 1973 3812 Cap-
