2571 3961
57 192 175 239 cum
193 196 344 234 autem
364 186 461 242 eius
492 184 625 232 obitu
647 173 822 246 reperta
847 177 1000 231 suisset
1033 178 1234 228 Ecctefla
1271 177 1451 226 ruinam
1479 172 1694 224 minitans
1715 212 1725 225 .
1762 178 1804 224 &
1836 178 1973 223 Sacra
1998 126 2075 222 sii-

122 248 340 316 pellectili
359 249 453 295 fere
471 246 682 295 destituta
706 284 719 302 ‚
757 238 999 301 januar-ius
1023 245 1076 291 de
1095 244 1228 300 Maio
1255 243 1467 290 Durazzo
1495 240 1604 287 Dux
1637 239 1832 296 ejusdem
1851 238 2037 302 Oppidi
2060 275 2074 293 ,

118 314 242 368 cuius
264 312 360 371 post
377 311 598 358 illustrem
618 307 1268 356 Tomacellorum'Familiam
1285 341 1299 359 ,
1331 303 1529 366 aliasque
1548 318 1672 363 aeque
1689 302 1959 365 spectabiles
1979 300 2073 348 Re-

117 376 196 440 gni
222 374 525 437 Neapolita-ni
551 372 775 420 Dominas
793 371 900 420 d-icti
919 370 1095 434 Oppidi
1129 368 1420 433 competebat
1442 368 1542 424 jure
1578 364 1769 413 Feudali
1807 365 2076 412 patronatus

118 436 322 487 Ecclesiae
346 471 360 487 ‚
394 439 438 485 &
463 435 960 496 Archipresbyteratus
1003 434 1208 481 vacantis
1230 469 1243 486 ,
1284 445 1437 491 preces
1458 428 1628 475 obtulit
1663 427 1938 475 Sanfflffimo
1969 425 2076 473 Do-

119 500 251 548 mino
275 499 445 546 Nostro
465 533 480 552 ,
514 500 677 559 quibus
697 497 949 559 postulavit
974 531 989 550 ,
1018 510 1069 543 ut
1090 497 1446 559 suspenderetur
1463 507 1547 555 per
1577 492 1761 554 aliquod
1781 503 1957 550 ternpus
1982 504 2076 535 no-

118 562 316 611 minatio
337 560 742 624 Archipresbyteri
767 595 780 613 ,
818 559 962 606 donec
988 576 1043 606 ex
1063 559 1157 615 eius
1179 558 1429 606 redditibus
1455 556 1649 615 reparari
1666 552 1810 618 poffet
1845 551 2040 600 Ecclesia
2060 589 2075 608 ‚

121 639 260 687 atque
291 624 448 672 instrui
467 625 603 671 Sacra
622 621 886 684 supellefflli
909 640 921 664 ε
957 622 1248 684 Rescriptum
1268 621 1456 682 fuitpro
1479 620 1755 682 fiaeffienlione
1791 619 2074 664 nomi-natio·-

122 695 196 737 nis
221 692 277 736 ad
304 685 654 751 quinquennium
672 718 686 736 ,
723 686 765 731 δι
785 684 1049 732 mandatum
1070 686 1156 732 fuit
1179 683 1364 732 Nuncio
1383 681 1662 743 Apostolico-
1680 679 1907 742 Neapolis
1927 675 2074 724 sacul-

121 763 192 798 tas
227 749 474 812 deputandi
518 750 822 797 AEconomum
847 762 933 809 pro
960 746 1347 796 administratione
1382 747 1780 792 Sacra-mentorum
1804 777 1816 795 ‚
1854 743 1898 788 8<
1921 740 2073 788 Vica-

121 815 238 861 rium
259 829 344 876 pro
367 814 590 861 exercitio
606 809 932 866 Jun'sdictionis
949 843 963 858 .
997 811 1187 857 Certior
1209 811 1312 858 inde
1330 807 1469 857 faclus
1499 809 1619 855 idem
1653 808 1765 857 Dux
1783 842 1797 859 ‚
1842 806 1883 851 &
1906 805 2072 850 Patro-

121 892 204 924 nus
223 877 282 923 de
296 875 445 923 Causa
463 879 556 922 acta
578 875 623 922 in
643 872 729 920 hoc
749 872 886 921 Sacro
906 872 1158 921 Tribunali
1175 909 1190 927 ‚
1223 873 1322 937 ipso
1340 885 1428 919 non
1448 871 1594 919 citato
1613 884 1763 933 neque
1779 870 1933 916 audito
1949 901 1963 918 ,
1997 867 2072 913 in-

124 951 198 986 ter
222 937 486 1000 Episcopum
505 938 741 986 Nolanum
765 970 779 988 ‚
815 938 858 984 &
883 936 1147 984 defunctum
1169 935 1631 998 Archipresbyterum
1655 969 1669 988 ,
1703 931 1779 997 qui
1799 932 1956 978 morbo
1978 946 2071 990 op-

119 1001 295 1064 pressus
311 1002 484 1048 causam
502 1001 761 1049 deseruerat
783 1033 797 1051 ‚
832 999 933 1055 iura
955 1000 1039 1047 suae
1064 999 1270 1047 Eccl-esiae
1293 1035 1306 1052 ,
1336 1000 1378 1046 &
1400 999 1888 1058 Archipresbyteratus
1908 991 2071 1039 defen-

119 1065 263 1110 denda
279 1062 468 1124 suscepit
488 1100 501 1118 ,
533 1061 759 1126 postulans
777 1065 932 1111 audiri
955 1081 1013 1110 ex
1046 1069 1226 1126 integro
1248 1066 1295 1110 in
1316 1063 1526 1109 omnibu-s
1561 1061 1736 1108 Dubiis
1759 1068 1953 1118 excepto
1974 1055 2030 1102 11.
2056 1091 2070 1110 ‚

119 1127 162 1173 &
183 1124 266 1174 ΙΙΙ.
295 1161 309 1182 ,
343 1142 441 1191 quae
460 1128 749 1175 Patronatum
768 1139 858 1172 non
887 1125 1138 1187 respiciunt
1165 1159 1180 1178 ,
1205 1125 1275 1173 sed
1302 1127 1537 1186 personam
1562 1123 1768 1171 defuncti
1788 1118 2071 1183 Archipres·

116 1188 275 1250 byteri
298 1207 311 1233 ε
346 1199 403 1236 Et
426 1207 486 1238 ex
504 1195 683 1252 integro
716 1189 896 1249 quidem
926 1190 1076 1238 audiri
1094 1188 1349 1252 postulabat
1371 1224 1383 1243 ,
1420 1189 1538 1249 quod
1560 1186 1652 1246 ipse
1685 1201 1829 1248 neque
1861 1182 2030 1230 citatus
2055 1217 2071 1238 ,

115 1266 265 1319 neque
284 1251 462 1300 auditus
478 1252 626 1300 suisset
654 1252 702 1296 in
736 1252 1056 1301 controversiis
1073 1288 1087 1306 ,
1123 1268 1228 1315 quae·
1245 1253 1318 1298 res
1316 1252 1551 1314 pic-iebant
1576 1250 1642 1305 ius
1673 1248 1736 1297 sui
1761 1250 2033 1295 Patronatus
2056 1280 2071 1301 ,

115 1313 312 1376 ldeoque
329 1315 443 1384 affici
459 1330 549 1361 non
567 1313 705 1377 posset
735 1315 1016 1362 actibusillis
1037 1353 1050 1371 ,
1091 1315 1169 1376 qui
1189 1317 1308 1361 inter
1331 1315 1597 1375 Episcopum
1615 1346 1629 1364 ,
1661 1313 1704 1358 &
1732 1311 2071 1370 Archipresby-

115 1386 267 1424 terum
287 1378 398 1439 gesti
429 1376 648 1431 fuer-ant,
680 1392 831 1438 neque·
845 1377 1034 1425 decretis
1066 1417 1078 1434 ,
1112 1379 1153 1424 &
1179 1377 1400 1440 responsis
1431 1376 1554 1424 Sacri
1588 1375 1720 1432 huju-s
1757 1371 2034 1421 Tribunalis
2056 1404 2070 1422 ‚

114 1439 365 1500 praesertim
383 1456 484 1488 cum
504 1444 642 1488 etiam
665 1477 679 1495 ,
709 1439 740 1486 fi
764 1439 853 1487 dici
877 1440 1015 1501 posset
1038 1441 1169 1490 litem
1201 1443 1342 1487 auam
1378 1438 1505 1487 fui-ss'e
1529 1441 1578 1486 in
1600 1439 1733 1496 causa
1756 1437 1906 1492 slatus
1927 1470 1940 1487 ,
1976 1448 2067 1481 non

114 1515 273 1549 tamen
294 1505 684 1567 Archipresbyter
702 1503 800 1559 iura
818 1502 1022 1551 Ecclesiae
1054 1504 1337 1554 defenderat.
1373 1498 1698 1550 postulationis
1727 1499 1860 1554 hujus
1889 1497 2066 1552 justitia

115 1578 349 1629 comperta
370 1602 385 1622 ,
417 1566 546 1615 ΚΡ.
569 1568 628 1614 1).
646 1567 923 1613 secretarius
940 1566 1174 1615 decrevit:
1211 1569 1502 1615 Audiendum
1527 1566 1607 1625 effe
1627 1579 1682 1610 cx
1709 1561 1892 1625 integro
1918 1562 2066 1621 quoad

115 1634 194 1675 IV.
220 1663 233 1682 ‚
267 1635 325 1678 (ἄν
348 1637 424 1675 VI.
448 1631 644 1676 Dubium
664 1663 679 1682 ,
716 1640 764 1674 at
784 1633 933 1689 quoad
950 1637 986 1675 I.
1010 1629 1350 1690 postulationem
1371 1627 1497 1674 illam
1519 1625 1885 1674 eminentissimis
1906 1623 2063 1672 Patri-

115 1691 196 1799 bps
216 1690 407 1753 proponi
436 1690 557 1749 juffit
578 1726 592 1745 ,
625 1691 750 1754 quod
784 1690 876 1753 ipse
894 1691 1160 1743 facultatem
1177 1706 1270 1739 non
1292 1691 1484 1745 haberet·
1500 1691 1555 1741 ob
1574 1688 1854 1741 clausulam,
1886 1694 1944 1738 Θ
1963 1703 2064 1735 am-

104 1764 138 1814 p
166 1771 238 1801 aus
258 1792 268 1804 .
1410 1764 1413 1765 ⁷

48 1817 255 1872 Postulat
273 1819 429 1883 itaque
460 1835 580 1870 nunc
600 1821 715 1870 idem
744 1821 888 1876 Dux,
928 1826 969 1873 St
994 1824 1296 1877 patronatus,
1326 1833 1377 1870 ut
1394 1825 1610 1871 audietur
1635 1834 1692 1871 ex
1711 1821 1889 1878 integro
1923 1818 2064 1882 etiam

115 1887 264 1952 quoad
280 1890 483 1947 primam
510 1887 706 1935 Dubium
728 1921 739 1936 .
775 1886 816 1932 ἃ
847 1900 981 1950 urget
1022 1887 1200 1935 easdem
1229 1887 1434 1933 'rationes
1454 1921 1467 1940 ‚
1499 1883 1630 1946 quod·
1658 1883 1750 1942 ipse
1780 1881 1824 1926 in
1861 1876 1946 1924 lite
1983 1877 2065 1923 illa

111 1949 350 1997 a&a1nter
364 1944 626 2009 Episcopum
645 1985 656 2000 ,
688 1949 731 1996 δι
754 1950 1213 2013 Archipresbyterum
1246 1950 1425 1997 auditus
1456 1963 1543 1994 non
1564 1947 1702 1992 fuerit
1723 1980 1736 1997 ,
1768 1956 1910 2002 neque
1941 1940 2069 1987 cita-

112 2023 187 2059 tus
204 2046 218 2064 ,
251 2010 784 2080 quodnArchipresbyter
805 2013 966 2061 morbo
991 2014 1161 2060 laethali
1178 2026 1414 2076 correptus
1440 2012 1540 2069 jura
1574 2007 1780 2057 Ecclesiae
1815 2002 2064 2051 defendere

110 2090 207 2123 ²¹0⁰
233 2085 430 2135 potuerit
449 2109 462 2128 ,
496 2073 682 2138 ideoque
709 2074 912 2123 Decreta
935 2077 1052 2124 Sacri
1091 2076 1221 2131 huius
1243 2075 1513 2124 Tribunalis
1534 2089 1637 2120 eum
1669 2070 1847 2117 afficere
1871 2081 1958 2112 non
1982 2081 2064 2125 poe-

111 2136 277 2185 tmffe.
309 2137 461 2185 Addit
484 2173 499 2190 ,
532 2151 582 2187 ut
599 2135 892 2188 confirmetur
931 2139 1202 2195 iurisdictio,
1236 2154 1333 2199 quae
1365 2136 1581 2184 mandata-
1607 2133 1696 2181 suit
1725 2132 1932 2197 Episcopo
1975 2137 2061 2175 Ca-

104 2201 339 2261 ‹strimaris
358 2206 414 2248 ad
431 2202 633 2263 effebhm
649 2204 846 2259 faciendi
857 2206 1185 2254 ,extraolz‘onem
1206 2205 1567 2249 documentorum
1588 2201 1737 2245 citata
1776 2201 1922 2241 Parte
1958 2225 1971 2242 2
2007 2205 2062 2236 ne

52 2327 58 2331 ῃ
107 2264 281 2334 iterum
298 2281 321 2311 a
342 2265 613 2313 Promotore
639 2262 793 2313 Curiae
811 2264 1079 2324 Eplscopalis
1104 2265 1297 2312 Nolanae
1313 2264 1568 2324 excipiatur
1585 2262 1638 2306 de
1662 2258 1934 2319 illegalitate
1953 2266 2061 2315 pro-
2100 2253 2104 2257 ’

109 2329 345 2390 bationum
363 2359 378 2376 .
409 2327 618 2377 Pertinet
640 2328 783 2391 igitur
799 2326 858 2376 ad
876 2325 1252 2375 Eminentiffirnos
1272 2327 1426 2374 Patres
1444 2329 1682 2373 decernere
1701 2355 1715 2369 .

47 2390 201 2448 'Anfic
219 2393 495 2442 concedenda
518 2410 635 2443 nova
656 2386 913 2440 Auditi-ntia
941 2395 1088 2455 quoad
1094 2395 1298 2456 pre’mum
1320 2388 1519 2437 Dubium
1543 2391 1590 2436 1'n
1606 2386 1710 2445 casu
1737 2387 1839 2434 &a

172 2514 466 2566 Affirmative
483 2554 497 2573 ,
529 2522 571 2569 ὅτ
588 2518 666 2568 fiat
697 2519 919 2569 extractio
941 2518 1318 2568 documentorum
1335 2516 1473 2565 citata
1495 2515 1632 2563 Parte
1648 2544 1665 2560 .

46 2644 516 2756 Nojvauffiu.
540 2645 790 2717 muium
825 2641 1389 2718 PARocuiarmM:
1423 2643 1543 2691 Duae
1575 2620 1678 2687 sum
1709 2651 1848 2700 prope
1884 2635 2059 2683 Lacum
2132 2623 2475 2731 sess-damboe-

263 2709 482 2757 erbanum
513 2708 778 2758 Dioeceseos
801 2705 1090 2756 Novariensis
1106 2723 1271 2755 vlcmae
1291 2705 1448 2753 Terrae
1469 2739 1482 2758 ,
1518 2717 1709 2766 quarum
1727 2704 1863 2750 altera
1888 2712 2061 2745 nuncu·
2102 2697 2213 2732 ‘’7⁶²²‘-
2283 2703 2305 2731 6
2332 2703 2354 2731 ⁰
2379 2688 2474 2744 fi’r·

110 2783 248 2832 patur
269 2783 439 2822 Levum
463 2808 476 2827 ‚
514 2774 659 2820 altera
682 2775 987 2821 somer-arium
1005 2802 1017 2816 .
1046 2771 1166 2817 Fere
1189 2770 1309 2817 inter
1328 2781 1569 2831 utramque
1593 2763 1675 2812 fita
1692 2763 1752 2813 est
1772 2760 1965 2812 Ecclesia
1983 2759 2057 2808 de„

110 2833 256 2882 dicata
283 2836 538 2896 Beatiffimae
556 2839 740 2899 Virgini
755 2840 801 2883 in
825 2836 982 2883 coelum
1001 2833 1246 2896 Affumptae
1261 2867 1274 2885 ,
1293 2849 1389 2893 quae
1411 2832 1608 2892 pertinet
1628 2829 1681 2875 ad
1694 2828 1891 2874 Terram
1912 2827 2027 2872 Levi
2047 2839 2060 2867 ε

109 2895 250 2943 Extra
269 2901 576 2947 Somerart'um
599 2913 687 2947 non
735 2914 788 2945 ua
811 2908 937 2960 parte
955 2895 1140 2960 respicit
1165 2894 1359 2942 Terram
1393 2899 1510 2943 Levi
1526 2927 1539 2945 ,
1578 2890 1652 2941 sed
1685 2890 1732 2938 in
1751 2901 1878 2952 parte
1898 2902 2059 2948 oppo-
2106 2875 2218 2930 Seſs.
2239 2887 2294 2933 ²3
2308 2906 2320 2921 ·
2342 2892 2363 2921 ⁶
2405 2889 2475 2936 14·

109 2956 227 3014 sita,
260 2959 339 3007 fita
358 2961 420 3008 est
436 2959 527 3007 five
559 2961 691 3009 Eccle
714 2976 755 3009 ia
773 2996 786 3015 ,
825 2959 919 3008 five
942 2960 1213 3008 Oratorium
1236 2992 1250 3011 ,
1279 2957 1402 3021 quod
1424 2956 1676 3004 dedicatum
1697 2953 1756 3000 est
1796 2963 1835 3001 S.
1857 2958 2057 3000 Brnar·
2106 2936 2217 2994 Sess—
2245 2951 2319 2991 24·
2357 2954 2398 2986 C·
2430 2950 2475 2992 4·

109 3024 164 3070 do
187 3057 201 3076 2
236 3024 279 3070 δι
301 3024 502 3084 pertinet
527 3027 579 3072 ad
599 3025 823 3086 Populum
851 3025 1100 3073 Somerarii
1115 3055 1129 3068 .
1166 3020 1374 3081 Utraque
1393 3019 1487 3066 haec
1505 3019 1656 3067 Terra
1678 3016 1850 3064 dudum
1871 3013 2062 3066 subjecta
2103 3000 2155 3051 de
2178 3001 2276 3062 Res.

107 3097 209 3132 erat
223 3086 358 3135 Curae
381 3086 586 3135 Ecclefiae
609 3086 877 3150 Collegiatae
899 3123 911 3142 ,
946 3087 988 3133 δι
1028 3083 1307 3133 parochialis
1345 3081 1503 3131 Terrae
1525 3083 1700 3130 Raveni
1723 3114 1738 3132 ,
1770 3078 1846 3126 sed
1876 3092 1979 3123 cum
1998 3077 2061 3121 ob

110 3148 339 3205 Locorum
356 3149 619 3197 distantiam
637 3185 652 3204 ‚
685 3152 728 3197 8<
749 3150 930 3199 viarum
950 3148 1266 3196 difficultatem
1296 3146 1614 3194 incommodus
1631 3141 1741 3190 esset
1776 3141 1955 3202 Populis
1975 3148 2060 3185 Le-

111 3215 168 3259 vi
185 3246 200 3265 ³
232 3218 292 3262 &⁶
319 3208 571 3262 Somerarii
591 3215 644 3260 ad
663 3213 905 3261 Ecclesiam
938 3210 1255 3260 parochialem
1273 3207 1497 3262 accessus,
1527 3206 1814 3271 postularunt
1841 3219 1864 3247 a
1887 3202 2061 3250 Cardi-

108 3274 204 3344 nali
238 3274 461 3323 Taberna
493 3274 712 3337 Episcopo
748 3272 1053 3340 Novarienfi,
1085 3289 1136 3321 ut
1155 3287 1322 3319 novam
1355 3271 1667 3320 parochialem
1697 3269 1893 3324 erigeret
1913 3301 1926 3318 ,
1966 3262 2058 3312 five

108 3351 159 3383 m
176 3336 329 3386 Terra
347 3345 465 3390 Levi
485 3374 498 3394 ,
516 3337 604 3386 five
625 3339 670 3385 in
693 3339 786 3385 alia
809 3341 1061 3387 Somerarii
1078 3373 1090 3390 ,
1124 3336 1235 3384 faCta
1255 3332 1656 3382 dismembratione
1678 3331 1735 3379 ab
1757 3327 1953 3378 Ecclesia
1976 3327 2059 3373 Pa-

106 3400 302 3448 rochiali
325 3406 534 3452 Bavem'·
569 3400 843 3464 Episcopus,
880 3402 991 3447 rein
1030 3398 1302 3447 Visitatione
1321 3410 1588 3458 comperta,
1618 3393 1927 3457 provifionale
1946 3390 2058 3438 De-

103 3475 282 3511 cretum
301 3465 408 3511 tulit
437 3465 506 3511 die
528 3478 601 3513 22.
625 3462 906 3512 Novembris
923 3478 1041 3511 anno
1063 3467 1192 3524 1617.
1210 3477 1299 3524 quo
1317 3459 1435 3516 jussit
1454 3494 1467 3512 ,
1500 3471 1551 3506 ut
1573 3454 1833 3516 Praepofitus
1855 3489 1870 3507 ‚
1894 3453 1939 3501 &
1964 3455 2058 3499 Ca-

104 3526 263 3574 nonici
283 3527 561 3574 parochialis
582 3526 789 3575 Ecclesia:
811 3531 989 3576 Bavem'
1003 3525 1215 3575 omnibus
1230 3524 1383 3570 diebus
1418 3523 1451 3568 F
1459 3521 1559 3569 estis
1593 3521 1865 3568 alternatim
1897 3517 1944 3562 in
1967 3515 2056 3562 Ec-

100 3587 236 3636 clesia
253 3588 305 3637 Β.
326 3589 482 3638 Mariae
505 3590 552 3636 in
569 3589 757 3640 Coelum
776 3588 1025 3650 Assumptae
1048 3587 1206 3634 Terrae
1232 3585 1347 3635 Levi
1364 3617 1378 3636 ,
1414 3587 1454 3632 ὄι
1477 3584 1520 3630 in
1537 3580 1731 3629 Ecclesia
1753 3581 1798 3628 S.
1830 3576 2051 3624 ssernardi

100 3647 263 3703 Terrae
282 3657 533 3702 some-rarii
549 3654 726 3704 sacrum
747 3663 932 3717 agerent
954 3687 968 3707 ,
1005 3654 1051 3701 8<
1084 3653 1374 3698 Sacramenta
1402 3647 1706 3697 ministrarent
1725 3677 1739 3696 .
1774 3643 1831 3692 Et
1851 3641 1936 3687 hoc
1962 3638 2051 3686 de-

287 3722 571 3770 Tom.XXHI,
1205 3712 1251 3759 H
1286 3724 1312 3757 2
1853 3712 1988 3752 creto

2102 2753 2159 2795 Θ*
2179 2749 2295 2795 evit.
2325 2751 2371 2795 in
2400 2766 2477 2796 ce-

2102 2809 2271 2858 lebrat.
2323 2813 2455 2870 Miſs-
