2571 3961
1841 185 1858 216 1

71 246 132 304 «ἢ
145 239 409 300 'contendit
428 238 746 297 Canonicusi
792 235 1070 289 maximam
1093 229 1352 287 constituit
1376 238 1570 297 partem
1595 183 1857 292 emsdenis

67 309 343 373 Praebendae
359 305 550 362 ‚Causa
573 323 704 361 nunc
721 345 738 370 ‚
779 306 952 359 audito
969 305 1073 369 jam
1094 301 1342 370 Episcopo
1360 337 1377 365 ,
1419 304 1719 368 proponitur
1742 342 1758 366 ,
1806 304 1859 353 &

35 425 38 429 >
68 383 284 450 disputat
301 378 591 432 Canonicus
612 393 711 428 non
731 375 894 428 teneri
914 372 1079 427 sacros
1100 374 1348 439 explicare
1373 373 1526 425 libros
1545 405 1560 429 ‚
1588 388 1704 424 cum
1726 372 1865 422 intc-

70 470 214 526 gram
234 446 492 503 summam
512 445 823 498 Benedietina
842 444 1215 498 Constitutione
1239 442 1533 508 praefinitam
1550 458 1607 494 ex
1627 442 1856 492 Praeben-

69 528 144 579 dae
167 519 447 576 redditibus
468 530 566 567 non
587 516 825 582 percipiat
849 550 863 573 ,
885 526 939 566 ut
958 512 1226 564 definitum
1248 509 1342 564 fuit
1363 515 1422 563 ab
1455 515 1552 563 hoc
1569 512 1716 563 Sacro
1734 508 1859 561 Tri-

71 590 240 648 bunali
256 595 306 642 in
323 589 620 639 Camerinen.
653 585 934 636 Praebendae
964 584 1258 649 Theologalis
1283 601 1330 647 3.
1372 581 1651 633 Decembris
1676 596 1822 646 1735.
1844 613 1859 635 ‚

69 667 135 722 ὠ·
152 668 203 714 in
221 661 477 713 Nucerina
511 655 824 723 Paganorum
866 653 1142 704 Praebendae
1190 652 1490 714 Theologalis
1514 654 1560 701 8.
1606 652 1856 702 Februarii

75 736 229 800 1738.
245 765 258 784 ,
275 732 336 784 &0
358 726 589 778 &Martii
621 728 772 777 eodem
805 725 929 774 ann'o
955 724 1018 772 ad
1038 724 1234 771 dubium
1261 721 1325 770 II.
1354 720 1488 784 Thes.
1513 722 1620 784 Reli
1643 721 1680 767 S
1686 720 1852 783 ,Congu

74 799 318 856 Vol.VIII.
330 811 530 864 pag.29.
546 828 561 853 ‚
600 794 663 849 (θ’
685 807 772 857 4¹·
816 791 1108 856 Eademque
1149 791 1348 844 ratione
1380 805 1479 840 non
1504 787 1759 840 substineri
1782 787 1856 838 [e-

70 868 458 939 questrationem
479 899 494 921 ‚
531 877 649 916 curn
672 879 772 917 non
796 861 943 916 tertia
963 876 1070 925 pars
1093 859 1349 916 fruetuum
1369 896 1385 918 ‚
1424 855 1507 911 sed
1527 856 1635 911 fere
1652 857 1851 923 integer

68 940 294 995 redditus
330 930 576 997 subjeetus
611 933 778 987 eidem
814 929 967 986 fuerit
1005 945 1183 986 contra
1246 928 1478 984 formam
1520 927 1848 981 Benedistinae

70 1004 451 1063 Constitutionis
466 1040 481 1055 .
505 1003 626 1072 Haec
643 1015 788 1067 atque
810 1002 905 1056 alia
926 1002 1213 1057 Canonicus
1236 999 1570 1066 Theologalis
1591 1034 1606 1048 .
1651 997 1701 1048 A
1720 997 1846 1048 Pro-

71 1091 276 1134 motore
292 1071 468 1128 Fiscali
486 1073 607 1124 nihil
625 1076 884 1127 habuimus
905 1111 920 1127 .
935 1071 1055 1123 Duo
1090 1072 1198 1126 sunt
1217 1071 1382 1124 Dubia
1401 1067 1701 1133 expedienda
1722 1103 1737 1119 .

1 1153 44 1204 Ι.
81 1149 164 1200 An
184 1149 456 1198 Canonicus
473 1145 729 1195 Marianas
767 1153 994 1195 teneatur
1014 1177 1028 1197 ‚
1092 1148 1154 1201 &⁴
1175 1144 1347 1193 debeat
1380 1139 1600 1192 leniones
1615 1139 1848 1203 explere„

207 1218 478 1283 Scriptum
497 1214 658 1264 Sacrae
670 1220 721 1265 in
739 1216 846 1280 casu
865 1217 971 1270 &a
998 1213 1059 1263 tit
1083 1226 1323 1277 quatenus
1345 1209 1446 1262 Affi
1456 1209 1674 1263 rmative
1693 1239 1711 1256 .

0 1289 65 1341 ΙΙ.
97 1287 180 1339 An
181 1287 548 1354 substineantur
549 1283 792 1351 sequestra
802 1285 950 1350 super
960 1283 1206 1344 fruslibus
1223 1282 1556 1332 Canonicatus
1581 1278 1843 1342 Theologu-

207 1357 270 1407 lis
286 1360 346 1405 ab
363 1354 579 1420 Episcopo
602 1354 797 1421 appostta
816 1389 829 1412 ‚
861 1358 923 1410 (ἂι
940 1354 1123 1416 cuistnt
1140 1351 1413 1421 applicandi
1417 1351 1620 1413 fruffus
1649 1350 1841 1396 antedi-

212 1429 274 1476 522·
294 1424 621 1476 Canonicatus
632 1438 722 1491 pro
742 1438 945 1492 tempore
967 1458 981 1481 ‚
1031 1440 1121 1489 quo
1132 1426 1358 1490 praefatus
1378 1418 1654 1470 Canonicus
1673 1416 1713 1467 S
1715 1431 1836 1467 acrae

132 1506 136 1515 '
204 1497 475 1562 Scriptum
489 1494 622 1544 letitia
631 1512 711 1546 nes
730 1514 822 1546 non
839 1494 1049 1560 explevit
1071 1497 1119 1545 iu
1138 1496 1246 1559 casu
1271 1495 1331 1548 ὠ·
1344 1507 1386 1540 0·
1427 1525 1431 1529 -

136 1635 230 1689 Ad
249 1635 289 1685 Ι.
309 1633 571 1686 Firmetur
589 1634 735 1690 status
757 1669 771 1692 ‚
813 1632 858 1686 8(
879 1631 1079 1685 interim
1120 1633 1437 1685 Canonicum
1472 1626 1848 1689 Theologalem

5 1707 165 1758 teneri
182 1741 197 1758 .
240 1702 324 1756 Ad
345 1703 409 1754 11.
432 1702 700 1755 Substineri
749 1719 842 1767 pro
865 1704 1010 1754 tertia
1032 1713 1169 1765 parte
1197 1699 1453 1754 frufiuum
1474 1696 1736 1761 qu'uslibet
1761 1714 1847 1750 an·

6 1777 57 1827 ni
81 1811 95 1831 ⁹
140 1775 187 1828 8(
209 1774 304 1826 este
327 1772 620 1837 applicanda
642 1775 700 1827 ad
724 1774 943 1829 formam
963 1771 1115 1824 Bullae
1135 1808 1148 1830 ‚
1185 1774 1247 1828 (ξ’
1281 1771 1575 1823 Procurator
1615 1764 1847 1830 Spalletti

0 1861 138 1914 pem?
158 1848 347 1899 veniam
366 1845 424 1895 ab
443 1843 668 1912 Episwpo
695 1882 713 1908 2
763 1846 817 1894 de
838 1861 934 1912 qua
951 1844 1112 1897 doceat
1132 1859 1287 1895 coram
1308 1840 1377 1895 D.
1404 1840 1676 1890 Secretario
1700 1868 1715 1884 .

6 2124 100 2244 P
127 2118 996 2176 ASSAVIEN.PROFESSIONIS:
1028 2118 1310 2185 Querelam
1351 2115 1590 2169 nullitatis
1612 2116 1702 2165 suae
1718 2110 1845 2162 Pro·
1916 2102 2192 2193 {efflant-19·

142 2190 358 2245 feffionis
377 2190 627 2256 proposuit
648 2193 694 2243 in
718 2193 993 2245 Audientia
1013 2188 1288 2253 Episcopali
1310 2185 1596 2237 Paffaviensi
1620 2181 1845 2235 PAEmi-
1946 2171 2058 2210 ‘'⁵3'‘

77 2263 238 2316 lianus
259 2262 498 2315 Gerlinks
535 2262 823 2315 Monachus
855 2259 1147 2314 Monasterii
1188 2252 1597 2309 Cremifanienfis
1631 2249 1847 2303 Ordinis

74 2332 389 2385 &Benediffi
408 2371 425 2395 ‚
467 2332 694 2385 nondum
714 2330 880 2396 elapso
916 2329 1264 2397 quinquennio
1286 2343 1312 2377 a
1337 2325 1418 2376 die
1438 2324 1620 2373 emiffae
1641 2313 1842 2371 Profes-

74 2403 224 2455 fionis
256 2399 366 2467 ,sed
388 2403 491 2467 post
511 2400 998 2468 editasprobationes
1017 2396 1121 2450 suas
1147 2399 1368 2449 Romam
1390 2393 1528 2444 venit
1548 2427 1562 2450 ,
1606 2389 1843 2453 aditoque

76 2472 306 2536 precibus
329 2470 668 2523 Sacratiffimo
683 2471 916 2533 Principe
935 2470 1104 2520 nostro
1128 2463 1426 2530 3p0stulavit
1448 2497 1463 2519 ‚
1504 2474 1557 2514 ut
1576 2457 1732 2513 Causa
1754 2474 1849 2510 co·

77 2536 404 2608 gnosceretur
425 2539 614 2591 aSacra
644 2537 1060 2606 congregatione
1092 2530 1541 2588 consultationibus
1574 2529 1844 2595 Episcopo-

73 2627 186 2662 rum
209 2647 225 2673 2
246 2607 291 2661 8(
311 2607 639 2674 Regularium
663 2609 919 2674 praeposita
943 2643 958 2658 .
1004 2606 1202 2658 Annuit
1224 2605 1450 2668 Princeps
1474 2594 1841 2666 indulgentiffi-

72 2685 186 2731 mus
207 2715 224 2743 ‚
259 2673 554 2743 auditusque
573 2675 673 2731 fuit
708 2673 1138 2730 Eminentissimus
1159 2670 1456 2739 Episcopus,
1487 2671 1572 2738 qui
1590 2667 1844 2733 rescripsit

70 2760 275 2803 metum
297 2782 313 2807 ‚
353 2746 398 2798 81
419 2745 528 2800 vim
546 2764 574 2799 a
590 2747 736 2800 Patre
754 2747 1026 2799 Monacho‘
1051 2747 1167 2798 huic
1186 2743 1382 2797 illatam
1400 2756 1577 2808 parum
1595 2736 1798 2805 probari
1821 2751 1841 2794 ;

72 2814 243 2872 Causae
264 2817 456 2870 nodum
482 2816 576 2868 effe
594 2818 645 2870 in
663 2813 974 2871 Professione
995 2815 1224 2870 fimulata
1245 2850 1262 2866 .
1276 2814 1416 2865 Dum
1439 2821 1574 2876 parat
1592 2806 1844 2861 defenfio-

70 2905 153 2940 nes
169 2887 275 2940 Pat.
297 2886 605 2940 AEmilianus
633 2923 647 2947 ‚
666 2889 787 2940 dum
813 2902 984 2941 moras
1003 2902 1062 2938 ex
1083 2901 1227 2938 mora
1246 2882 1416 2937 nestit,
1439 2880 1713 2948 plurimum
1728 2877 1842 2929 aeris

73 2958 222 3011 alieni
241 2958 412 3009 Romae
432 2959 681 3011 contraxit
698 2993 711 3017 ‚
731 2958 781 3008 &
802 2968 1035 3010 metuens
1059 2995 1076 3021 ,
1111 2971 1170 3006 ne
1193 2955 1243 3006 in
1260 2967 1482 3006 carceres
1503 2949 1842 3002 coniiceretur

72 3024 169 3079 sese
189 3027 236 3078 in
259 3026 628 3080 Monasterium
652 3026 863 3079 restituit
887 3063 902 3086 ‚
921 3037 1154 3090 exceptus
1179 3023 1465 3076 humaniter
1482 3038 1510 3073 a
1526 3020 1636 3071 Pat.
1668 3017 1844 3068 Abba-

71 3105 124 3148 te
145 3133 162 3159 ‚
187 3095 270 3162 qui
289 3097 442 3148 etiam
461 3114 522 3149 aes
540 3097 763 3150 alienum
783 3137 799 3162 ‚
825 3097 960 3162 quod
982 3096 1265 3147 Monachus
1284 3091 1371 3144 ille
1390 3091 1561 3142 Romae
1581 3098 1843 3140 contraxe-

75 3178 156 3218 rat
181 3201 194 3222 ‚
217 3167 451 3230 expunxit
473 3201 488 3218 .
506 3147 776 3220 Postulavit
797 3167 910 3220 inde
930 3167 986 3218 P.
1002 3164 1325 3222 AEmilianu3‚
1345 3173 1399 3213 ut
1414 3151 1842 3213 Eminentiffimus

71 3237 336 3301 Episcopus
359 3232 655 3291 sententiam
674 3237 830 3289 animi
854 3234 921 3288 sui
941 3239 1130 3289 iterum
1169 3233 1386 3299 aperiret
1422 3229 1575 3282 Sacrae
1613 3225 1845 3289 Congre-

71 3307 261 3372 gationi
287 3343 303 3367 ‚
337 3298 692 3372 responditque
727 3302 1163 3359 Eminentiffimus
1208 3297 1475 3368 Episcopus
1498 3298 1547 3349 in
1568 3293 1801 3347 eamdem
1822 3330 1840 3356 ,

69 3377 462 3439 quamprimum
485 3389 738 3442 aperuerat
757 3412 771 3432 ,
793 3375 1089 3430 sententiam
1115 3411 1129 3426 .
1146 3373 1380 3423 Pertaesus
1396 3371 1502 3422 Pat.
1524 3366 1695 3420 Abbas
1713 3378 1840 3415 cun-

70 3441 369 3496 &ationibus
391 3444 498 3496 Pat.
518 3446 787 3500 AEmiliani
825 3463 1002 3512 preces
1039 3443 1228 3496 obtulit
1266 3433 1604 3493 Sacratiffimo
1622 3431 1839 3496 Principi

67 3514 240 3590 ¹³0stsp
257 3549 271 3570 ⁹
309 3515 487 3577 Quibus
506 3516 805 3582 postulavit,
845 3528 900 3567 ut
917 3516 979 3568 ad
999 3531 1107 3567 rem
1133 3511 1347 3563 celerius
1367 3503 1707 3560 definiendam
1750 3518 1846 3554 co-

68 3593 234 3652 gssfflo
251 3585 394 3635 huius
408 3583 575 3641 Causae
590 3586 907 3642 mandaretur
925 3586 1074 3638 Sacro
1091 3583 1207 3634 huic
1225 3577 1491 3633 Tribunali
1507 3611 1521 3638 ,
1543 3591 1645 3642 quo
1670 3574 1741 3623 im
1751 3588 1840 3637 pe-

134 3651 464 3713 ?'omXXVL
1119 3650 1167 3702 G
1207 3667 1234 3701 2
1704 3652 1839 3694 trato
