2571 3961
1979 209 2041 249 49

79 272 169 322 quo
187 257 308 304 diem
331 268 505 307 certam
539 256 726 306 indicit,
760 269 847 316 qua
869 254 1066 303 Romaea
1085 250 1301 301 Praefecm
1320 251 1484 302 Studiis
1515 253 1717 316 Collegii
1738 254 1940 306 Romani
1963 258 2039 302 ha·

81 323 281 368 biturum
303 319 352 366 fit
386 336 613 372 examen;
651 320 804 366 idonei
827 317 1072 381 selefiique
1091 333 1115 362 a
1148 315 1362 363 Praefecto
1398 316 1730 364 Adulescentes
1754 320 1803 363 in
1836 319 2041 366 Consilio

79 384 285 444 generali
311 384 541 430 Civitatis
561 394 881 447 proponuntur
901 416 914 433 ‚
947 383 990 427 8<
1014 382 1091 442 qui
1111 379 1239 440 plura
1271 393 1476 441 numerat
1511 378 1719 442 suffragia
1750 415 1763 432 ,
1800 396 2040 431 vacantem

76 447 229 494 locum
249 446 411 506 implet
430 479 442 491 .
476 447 637 494 Plures
656 448 735 492 vel
758 443 999 490 Electionis
1019 479 1031 496 ,
1070 443 1147 488 vel
1169 442 1453 492 Praelationis
1487 443 1618 490 causa
1635 445 1740 498 actae
1775 444 1878 489 sunt
1914 444 2038 497 Lites

81 510 129 554 in
148 507 480 557 Tribunalibus
499 510 637 556 Urbis
654 543 667 561 ,
699 522 946 570 numquam
968 519 1121 553 tamen
1147 504 1392 553 definitum
1418 504 1534 560 fuit,
1574 522 1630 553 an
1662 506 1937 554 Adolescens
1955 523 2040 553 na-

81 583 155 626 tus
176 586 309 619 extra
327 573 586 619 Civitatem
609 581 760 619 Matre
779 569 1029 625 Gsszllefina,
1061 569 1194 614 Patre
1219 581 1369 617 tamen
1391 582 1550 616 extero
1568 604 1581 621 ,
1614 572 1656 617 δι
1684 572 1729 614 in
1747 569 1937 616 Civium
1958 586 2043 616 nu-

0 673 2 677 ,
75 648 250 682 merum
272 651 361 681 non
380 635 541 682 allecto
559 634 667 695 eligi
688 631 856 694 posset;
896 632 1012 678 Acta
1028 630 1204 690 quidem
1235 630 1323 677 fuit
1358 632 1538 692 quaestio
1557 632 1617 678 de
1651 631 1956 680 Adolescente
1985 646 2041 684 ex

77 697 236 746 Matre
257 697 519 750 Gallesina‚
554 697 624 744 sed
645 697 717 743 vel
735 694 824 758 ipse
845 691 1038 748 Gallefii
1058 702 1190 739 natus
1222 706 1318 739 erat
1343 728 1358 749 ,
1389 694 1462 740 vel
1482 693 1619 742 Pater
1638 694 1732 750 eius
1754 695 1887 743 Civis
1924 698 2039 744 lares

78 757 244 808 fixerat
263 762 308 808 in
340 763 494 807 eadem
512 759 727 815 Civitate
750 795 760 805 .

14 826 159 878 Anno
175 826 360 871 demum
383 828 509 876 ¹738-
532 821 713 885 quaestio
738 821 832 867 haec
852 822 948 867 aCta
969 818 1055 867 fuit
1076 821 1123 866 in
1150 816 1397 866 Tribunali
1435 820 1498 865 A.
1519 821 1572 868 C.
1596 820 1714 867 inter
1745 822 2001 869 Civitatem
2026 859 2040 876 ,

77 885 378 949 &josephum
397 885 635 932 Zazzeram
663 883 1004 930 viterbiensem
1025 918 1038 935 ‚
1071 882 1152 945 qui
1187 882 1423 936 Sententia
1444 882 1489 928 in
1516 884 1626 930 Rem
1661 884 1909 938 Judicatam
1930 886 2041 933 inde

79 948 298 1000 t1·ansa&a
316 949 507 1006 rejestus
530 947 618 993 fuit
635 983 648 1000 ,
683 958 841 1009 utpote
867 946 1115 1001 destitutus
1136 947 1369 1007 qualitate
1391 949 1596 1007 originis
1616 965 1642 995 a
1683 953 1757 995 Cit
1769 953 1889 996 itate
1923 951 2041 997 Gal-

77 1012 197 1072 lefii.
235 1013 319 1059 Sed
338 1011 411 1057 hic
442 1024 534 1058 non
562 1007 770 1062 Patrem,
809 1023 899 1055 non
945 1009 1153 1057 Matrem
1181 1042 1193 1060 ,
1228 1024 1324 1055 non
1360 1012 1516 1058 Avum
1550 1009 1753 1072 denique
1791 1010 2041 1060 Gallesium

77 1073 237 1122 habuit
253 1108 268 1126 ,
312 1072 389 1120 sed
412 1074 552 1121 solam
574 1072 744 1121 Aviam
763 1085 997 1132 paternam
1023 1072 1262 1119 Aureliam
1282 1071 1626 1120 Ricciarelliam
1652 1105 1666 1119 .
1705 1077 1844 1120 Anno
1863 1091 2040 1136 quoque

86 1148 225 1191 1750:
245 1134 449 1191 joachim
471 1136 686 1183 Donatus
705 1134 866 1183 Romae
888 1146 1020 1181 natus
1039 1135 1196 1181 Matre
1224 1133 1459 1182 Galrefina
1484 1136 1616 1182 l’atre
1634 1149 1792 1183 extero
1810 1171 1822 1188 ‚
1855 1137 2045 1187 Rescri-

77 1210 159 1261 pto
174 1198 466 1247 Sacratiflimi
486 1197 688 1257 Principi
717 1198 856 1244 nostri
872 1198 1143 1255 >impetravit
1162 1232 1175 1249 ,
1213 1210 1263 1243 ut
1283 1198 1336 1243 ad
1354 1198 1642 1246 Concursum
1679 1201 2008 1248 admitteretur
2027 1234 2042 1248 .

76 1262 363 1323 Supplicavit
382 1261 564 1310 Civitas
589 1273 744 1308 contra
776 1263 862 1308 hoc
881 1259 1170 1321 Rescriptum
1193 1295 1204 1312 ,
1231 1258 1301 1307 sed
1328 1277 1428 1308 cum
1454 1264 1648 1308 indictus
1677 1264 1767 1319 jam
1802 1262 1897 1310 dies
1917 1262 2040 1311 Exa—

73 1323 209 1378 minis
237 1325 424 1372 instaret
444 1360 458 1379 ,
494 1322 868 1375 Eminentiffimus
889 1323 1116 1378 Dominus
1138 1323 1403 1370 Cardinalis
1437 1324 1775 1378 Pro—Auditor
1801 1329 2005 1375 decrevit
2023 1363 2038 1382 ,

75 1399 132 1433 ut
143 1387 233 1444 sine
255 1387 715 1448 Praejudiciojurium
736 1388 971 1444 utriusque
1013 1390 1179 1434 ‘Partis
1199 1389 1255 1431 ad
1285 1395 1483 1437 Examen
1516 1392 1845 1437 admitteretur
1867 1423 1882 1437 .
1913 1391 2038 1439 Cum

77 1449 182 1498 inde
208 1452 253 1498 in
272 1448 482 1498 Examine
516 1450 781 1509 reprobatus
816 1448 968 1498 fuisset
993 1486 1007 1504 ,
1040 1450 1158 1496 idem
1189 1448 1570 1497 Eminentiffimus
1604 1451 1840 1501 Dominus
1868 1453 2040 1502 Cardi-

76 1514 195 1560 natis
211 1514 543 1562 Pro-Auditor
562 1511 770 1561 decrevit
787 1546 801 1564 ³
840 1520 1084 1577 utpraevia
1106 1517 1423 1576 reportatione
1448 1518 1671 1578 Restripti
1704 1529 1915 1564 meretur
1937 1521 2039 1575 ⁶Ju-

79 1593 130 1624 re
144 1579 225 1636 fito
249 1593 398 1625 coram
429 1580 584 1638 quode
617 1581 765 1636 'Jurez
808 1576 974 1638 Neque
995 1575 1089 1643 post
1123 1576 1207 1621 hoc
1241 1576 1469 1622 decretum
1491 1579 1618 1623 litem
1656 1578 1870 1626 hactenus
1912 1580 2041 1640 egit.

75 1638 229 1685 Litem
247 1653 364 1686 nunc
395 1639 536 1702 ipsam
557 1639 675 1685 alter
707 1637 921 1687 instaurat
953 1673 966 1688 ‚
1005 1654 1171 1699 nempe
1203 1637 1391 1686 Fulvius
1413 1639 1702 1688 Cxlestinius
1736 1657 1828 1689 non
1856 1642 2039 1689 obscuri

76 1702 276 1748 nominis
304 1703 348 1748 in
375 1700 591 1749 Romano
609 1701 727 1749 Foro
745 1701 1010 1750 Causidicus
1027 1735 1041 1750 .
1078 1702 1173 1759 Hic
1193 1701 1313 1748 enim
1334 1738 1345 1752 ‚
1380 1719 1480 1750 cum
1502 1703 1700 1750 Uxorem
1722 1705 1903 1752 duxerit
1923 1708 2042 1752 San-

77 1767 190 1811 dam
209 1763 400 1811 Gillefii
420 1778 574 1812 natam
593 1780 649 1811 ex
671 1765 858 1826 antiqua
875 1764 1110 1811 Gallefina
1129 1763 1285 1812 Gente
1306 1765 1545 1813 Nardonia
1565 1803 1576 1819 ,
1611 1768 1839 1830 amplique
1860 1769 2043 1829 paterni

76 1827 344 1890 patrimonii
366 1829 546 1876 unicam
565 1828 784 1875 haeredem
801 1862 814 1880 ,
849 1842 1012 1876 novem
1037 1843 1094 1874 ex
1112 1843 1165 1875 ea
1187 1827 1364 1875 sustulit
1381 1828 1524 1875 Filios
1542 1865 1554 1882 ,
1592 1829 1762 1890 septem
1784 1833 2009 1879 masculos
2026 1865 2041 1884 ,

74 1892 181 1936 duas
211 1891 450 1945 foeminas,
487 1904 626 1952 utque
641 1907 776 1939 onere
795 1903 870 1939 tot
911 1889 1128 1952 Filiorum
1171 1891 1510 1942 educandorum
1544 1891 1804 1941 servaretur
1826 1930 1839 1948 ,
1877 1909 2042 1957 preces

73 1951 246 2001 obtulit
275 1953 491 2000 transacto
515 1970 632 2001 anno
667 1966 794 2017 1754.
831 1955 1099 2011 Sanitiffimo
1132 1961 1322 2002 Domino
1356 1955 1497 2010 nostro
1528 1992 1540 2008 ‚
1581 1955 1743 2018 qu1bu5
1787 1957 2042 2014 postulabat

74 2028 177 2069 ut„
211 2017 347 2063 Motu
368 2018 447 2064 suo
471 2018 655 2078 proprio
675 2020 822 2066 vellet
843 2016 1056 2063 abilitare
1081 2016 1110 2062 li
1138 2015 1234 2063 suoi
1261 2017 1480 2078 Figliuoli
1502 2019 1666 2065 maschi
1687 2020 1764 2081 gia
1784 2020 1909 2074 nati,
1937 2037 1961 2067 e
1980 2021 2040 2067 da

78 2092 108 2133 3,
142 2079 322 2126 nascere
346 2080 417 2126 dal
439 2079 644 2139 presente
670 2079 964 2127 Matrimonio
985 2079 1028 2124 di
1063 2080 1194 2125 Santa
1220 2082 1488 2128 Nardoni'di
1510 2094 1640 2144 poter
1658 2098 1934 2130 concorrere
1953 2120 1965 2136 ‚
1995 2084 2041 2130 δε

78 2175 111 2203 ,,
143 2140 281 2190 effere
312 2145 504 2190 ammeffi
541 2144 585 2189 al
607 2142 882 2205 godimento
912 2143 984 2189 del
1022 2141 1202 2202 prefato
1236 2142 1448 2204 Legato(
1481 2158 1634 2207 nempe
1662 2147 1896 2209 Theophili
1922 2155 2041 2193 Gar—

79 2242 109 2261 „
136 2209 294 2268 gani)
325 2220 452 2263 come
471 2206 656 2253 oriondi
678 2221 733 2258 ex
755 2207 897 2251 latere
921 2218 1125 2267 materno
1144 2240 1158 2257 ,
1196 2205 1456 2268 supplendo
1475 2206 1518 2252 in
1537 2205 1687 2270 questa
1708 2220 1831 2269 parte
1853 2211 1905 2256 ad
1926 2208 2039 2269 ogni

78 2291 115 2330 1„
145 2267 309 2314 difetto
329 2304 340 2317 ‚
376 2269 417 2314 &
438 2271 556 2316 altra
579 2271 966 2329 interpretazione
983 2267 1156 2330 Legale
1172 2301 1187 2316 ‚
1218 2272 1302 2315 che
1323 2267 1491 2329 potesse
1509 2269 1622 2324 darsi
1647 2271 1736 2317 alla
1769 2273 1893 2320 detta
1926 2289 2040 2335 qua—

82 2367 113 2387 „
146 2332 228 2378 lita
242 2331 289 2377 di
311 2333 507 2378 Oriondi
532 2365 545 2382 ,
574 2347 660 2379 con
680 2330 786 2379 farli
807 2331 951 2376 anche
969 2363 984 2381 ,
1016 2346 1040 2376 e
1061 2331 1327 2379 dichiararli
1346 2332 1393 2378 in
1410 2333 1507 2379 caso
1523 2335 1563 2378 dr
1584 2333 1784 2395 bisogno
1802 2370 1815 2387 ,
1859 2334 2040 2387 oriondsi

81 2430 116 2451 „
146 2410 204 2442 ex
233 2392 491 2456 Privilegio
508 2394 585 2441 dal
606 2397 843 2441 medesimo
862 2394 1021 2455 Luogo
1040 2397 1127 2453 pur
1145 2391 1350 2441 l’effetto
1374 2394 1420 2440 in
1443 2396 1580 2442 modo
1601 2397 1693 2442 tale
1715 2432 1727 2448 ,
1763 2398 1846 2444 che
1873 2414 1964 2446 non
2001 2399 2038 2445 li

79 2494 114 2515 ‚,
147 2455 268 2518 possa
288 2456 426 2503 ostare
449 2458 487 2503 la
507 2459 684 2519 qualita
704 2459 815 2503 dell'
835 2457 1083 2503 Oriondita
1103 2457 1334 2502 antedetta
1353 2491 1366 2507 ,
1400 2459 1685 2518 provenendo
1704 2458 1766 2506 sol
1786 2473 1918 2509 tanto
1934 2463 2039 2513 del-

81 2553 112 2580 „
147 2520 191 2565 la
215 2523 339 2565 detta
356 2521 458 2566 loro
477 2519 634 2567 Madre
653 2555 666 2573 ,
700 2537 722 2567 e
743 2522 827 2566 che
846 2518 998 2581 questa
1022 2519 1118 2566 solo
1155 2521 1260 2566 loto
1282 2520 1527 2566 sufficiente
1560 2521 1616 2567 fia
1635 2553 1648 2572 ,
1682 2537 1706 2567 e
1729 2522 1760 2568 li
1790 2523 1930 2571 faccia
1957 2541 2040 2572 ca·-

82 2617 114 2640 ,‚
149 2583 245 2644 paci
264 2597 287 2627 a
307 2583 468 2644 godere
485 2584 743 2648 qualunque
762 2583 804 2630 di
823 2581 903 2637 dd.
927 2582 1107 2648 Luoghi
1125 2584 1168 2630 di
1188 2582 1344 2633 Studio
1361 2618 1376 2643 ³.
1408 2584 1490 2630 che
1508 2582 1696 2633 saranno
1711 2587 1804 2648 iper
1837 2603 2002 2636 vacare
2022 2623 2037 2643 ,

85 2682 117 2704 „
151 2645 319 2705 porche
336 2648 420 2692 ἃς.

20 2712 109 2760 His
129 2710 338 2774 precibus
373 2709 642 2771 rescriptum
675 2712 810 2767 fuit„
848 2715 919 2760 Ad
945 2712 1119 2761 Sacram
1153 2713 1575 2776 Congregationem
1608 2715 1818 2762 Concilii
1840 2732 1943 2763 cum
1964 2716 2035 2762 sa·

27 2827 30 2830 ⁴
81 2808 112 2829 „
144 2772 321 2821 cultate
340 2773 479 2820 etiam
498 2777 774 2827 revidendi,
804 2789 1028 2839 quatenus
1063 2792 1177 2838 opus
1201 2776 1252 2823 fit
1273 2813 1286 2828 ,
1324 2777 1604 2825 Sententiam
1633 2778 1692 2824 R.
1719 2779 1764 2824 P.
1788 2782 1847 2827 A.
1868 2779 1923 2826 C.
1948 2780 2040 2827 Fu-

85 2868 118 2892 ,‚
148 2838 276 2882 rietti
299 2870 326 2888 .,
363 2836 469 2882 Eam
486 2851 645 2899 nempe
665 2874 678 2891 ,
696 2855 792 2900 quse
810 2875 822 2892 ,
854 2853 903 2886 ut
922 2839 1053 2900 supra
1073 2842 1352 2888 narravimus
1369 2876 1380 2892 ,
1418 2839 1509 2886 lata
1532 2839 1615 2887 fuit
1634 2847 1899 2903 ann01738.
1920 2859 2038 2890 con-

81 2911 150 2944 tra
174 2898 408 2958 losepbum
428 2898 671 2948 Zazzeram
701 2902 1062 2950 Viterbiensem.
1094 2902 1212 2948 Cum
1235 2904 1376 2964 igitur
1394 2917 1588 2964 quatuor
1614 2905 1795 2951 interim
1817 2905 1938 2952 Loca
1959 2922 2039 2952 va-

79 2958 245 3007 cassent
263 2997 275 3012 ,
305 2961 345 3006 ὅ(
364 2961 460 3009 dies
479 2965 702 3011 examinis
733 2966 1018 3016 immineret,
1052 2978 1246 3024 negante
1265 2965 1478 3012 Civitate
1500 2966 1766 3027 prosperum
1793 2967 1944 3015 Fulvii
1968 2970 2037 3015 Fi-

82 3022 197 3069 lium
225 3023 277 3068 ad
293 3022 572 3073 Concursum
592 3026 676 3074 esse
714 3029 1040 3075 admittendum
1062 3062 1075 3078 ,
1115 3027 1283 3075 Fulvio
1309 3044 1421 3076 vero
1457 3028 1722 3076 defendente
1753 3028 1838 3077 esse
1872 3033 2035 3079 admit·

81 3086 264 3133 tendum
279 3118 292 3136 ,
309 3087 540 3140 decret-um
557 3089 646 3142 fuit
664 3128 677 3144 ‚
707 3092 861 3148 utfine
887 3093 1163 3151 Praejudicio
1183 3095 1382 3149 'Jurium
1404 3095 1639 3155 utriusque
1661 3101 1826 3142 Partis
1852 3102 1909 3142 (τά
1928 3104 2038 3143 Con-
2078 3121 2080 3123 ·

76 3151 249 3205 cursim
269 3151 659 3200 admitteretur--
690 3155 819 3201 Facto
839 3165 990 3200 tamen
1019 3152 1338 3215 experimento
1359 3190 1370 3207 ,
1404 3154 1746 3204 Concurrentes
1780 3173 1934 3204 omnes
1974 3159 2038 3212 ju-

76 3211 199 3259 dicio
219 3209 417 3256 Praese&
440 3213 614 3275 'Studiis
639 3216 845 3279 Collegii
869 3217 1062 3263 Romani
1085 3220 1313 3276 reprobati
1342 3216 1529 3266 fuerunt
1552 3253 1566 3270 ,
1599 3219 1639 3264 &
1675 3234 1741 3266 res
1772 3223 2037 3282 ampliata-³

75 3274 162 3321 fuit
179 3273 414 3320 acl-novum
446 3275 638 3324 Examen
661 3280 917 3327 habendum
953 3279 1112 3326 futuro
1135 3280 1283 3325 mense
1305 3280 1555 3329 Novembri
1577 3316 1584 3325 .
1629 3284 1799 3328 Narrat
1823 3283 2038 3333 Caelesti-

76 3337 177 3383 nius
195 3336 337 3380 actum
361 3335 483 3384 fuiss'e
499 3339 554 3384 de
571 3342 872 3390 transactione
895 3343 1017 3389 inter
1051 3358 1153 3388 eum
1179 3377 1191 3394 ‚
1227 3346 1267 3389 δι
1287 3343 1542 3391 Civitatem
1562 3379 1574 3395 ‚
1607 3344 1867 3392 Advocatos
1891 3347 2037 3393 utrin-

72 3414 161 3461 que
193 3399 352 3444 electos
374 3398 500 3447 faffos
522 3402 651 3451 fuiffe
667 3440 679 3457 ,
724 3405 866 3453 Filios
884 3404 1159 3452 Sanstae'non
1183 3404 1299 3465 posse
1324 3407 1482 3465 repelli
1503 3425 1514 3458 ;
1544 3405 1705 3454 dediffe
1724 3424 1802 3454 eos
1822 3412 2000 3457 modum
2020 3444 2035 3461 ,

71 3476 162 3523 quo
177 3474 246 3507 res
280 3467 664 3523 componeretur3
703 3467 919 3530 placuiffe
956 3469 1201 3520 omnibus,
1235 3470 1276 3514 &
1313 3484 1412 3514 cum
1445 3471 1532 3525 iam
1568 3469 1659 3524 jam
1691 3470 2037 3534 transigendum

72 3536 173 3570 erat
237 3523 515 3592 suasionibus
540 3528 802 3590 aliquorum
825 3547 923 3577 rem
940 3545 1121 3577 omnem
1158 3529 1366 3576 infectam
1405 3530 1562 3579 fuiss'e.
1599 3532 1851 3593 Desperata
1895 3535 2036 3593 igitur

71 3585 396 3655 transauione,
424 3604 528 3635 cum
561 3596 813 3650 proximum
835 3594 885 3640 fit
917 3593 1022 3640 novi
1058 3591 1292 3639 Examinis
1320 3604 1496 3652 tempus
1517 3629 1530 3647 ,
1563 3594 1616 3640 ad
1639 3594 1869 3648 ,Iudicium
1908 3597 2036 3643 Emi-

71 3649 422 3696 nentrflimoruin
451 3651 639 3700 Parrum
679 3656 868 3703 veniunt
890 3690 902 3706 ‚
938 3658 978 3701 &
1000 3655 1184 3701 Civitas
1208 3689 1220 3705 ,
1249 3657 1290 3701 δι
1311 3655 1454 3702 Cives
1472 3692 1482 3708 ,
1523 3659 1564 3705 8<
1587 3657 1868 3706 Caelestinius
1884 3688 1897 3701 .
1925 3658 2038 3710 Dis-

14 3756 19 3760 ,
70 3710 431 3772 putatCivitas‚
463 3715 605 3766 Filios,
625 3721 790 3766 Sanctae
819 3719 1064 3766 Nar-donia}
1086 3718 1372 3827 repegendos
1406 3717 1491 3765 effe
1513 3737 1536 3768 a
1574 3719 1747 3782 Legato
1782 3720 2032 3771 Gallesmis

268 3779 551 3824 T077:.X.XIV.
1843 3784 1974 3830 Ado—
