2571 3961
1810 240 1869 283 21

6 295 195 352 Coaffto
221 298 372 367 igitur
396 298 471 348 ob
495 300 624 349 hanc
644 295 787 349 litem
816 295 1062 361 Capitulo
1085 304 1185 347 tres
1215 293 1463 347 Canonici
1484 334 1500 358 ‚
1521 296 1618 360 qui
1657 297 1872 350 Antonii

78 372 275 439 Angeli
320 372 675 435 consanguinei
714 369 957 421 dicuntur
982 403 992 423 ,
1024 384 1136 419 eam
1157 367 1477 418 dilluat‘erunt
1501 401 1514 422 ‚
1544 366 1585 415 8(
1628 373 1871 428 protesta-

91 445 290 494 tionem
316 455 520 505 quoquc·
540 435 818 509 emiserunt
840 445 901 487 de
921 446 1154 500 tumentis
1173 473 1188 497 ‚
1227 450 1386 499 neque
1406 453 1430 487 a
1451 436 1689 499 Capitulo
1713 453 1872 497 neque

85 516 147 566 ab
170 513 457 565 naereditatc
478 507 699 561 Baldinia
720 507 982 558 lubeundis
1003 507 1231 560 :Contra
1251 521 1438 556 novem
1460 506 1701 558 'kanonici
1724 507 1870 558 litem

81 600 161 648 agi
189 584 457 633 voluerunt
479 578 730 643 deputatis
764 579 958 627 duobus
981 576 1373 637 Canonicis‚qui
1397 575 1609 628 Romam
1635 588 1868 627 venirent

81 655 141 707 ad
163 669 275 703 eam
297 652 566 703 curandam
590 682 605 698 .
648 646 717 698 Hi
738 662 922 698 novem
944 645 1187 696 Canonici
1229 643 1390 706 pridie
1428 646 1725 707 Capitulum
1750 663 1871 707 apo-

79 727 227 777 cham
257 714 550 784 scripserant
579 753 592 772 ‚
627 732 718 780 qna
743 718 811 766 uti
837 713 1016 778 {iuguli
1057 715 1118 765 ad
1140 710 1375 778 expeulas
1396 714 1537 776 hujus
1574 716 1675 765 litis
1697 717 1860 767 teneri

72 793 347 849 voluerunt
382 824 396 845 ‚
426 787 609 851 adjefta
654 799 818 835 tamen
856 784 1152 836 conditione
1174 808 1225 820 --
1267 788 1321 834 in
1362 787 1462 849 caso
1503 788 1585 834 che
1603 788 1638 833 l'
1661 787 1861 836 Ereaitd

82 866 291 916 Baldina
309 856 522 924 nonfoffi.³
545 869 721 906 tenuta
745 888 760 902 .
796 854 884 904 Res
905 854 1109 914 interim
1143 855 1189 905 in
1225 852 1489 907 Tribunali
1509 857 1576 906 A.
1594 852 1655 905 C.
1689 858 1860 917 dupu-

81 940 311 988 motitur,
347 941 562 990 eumque
582 924 959 977 habuitexitum
979 959 995 977 ,
1032 941 1181 988 quem
1204 926 1382 977 habere
1415 925 1626 976 debebat
1647 959 1662 981 ‚
1703 940 1816 974 nam
1840 958 1861 984 ,

54 1004 121 1064 Υὅ(
149 998 405 1053 Antonius
435 997 663 1062 Angelus
683 994 956 1046 custoditus
974 991 1067 1047 fuit
1089 996 1138 1045 in
1161 991 1243 1047 fua
1262 991 1549 1059 poffeffione
1569 1031 1585 1054 ,
1619 998 1650 1044 'iz
1677 995 1859 1052 iulium

78 1069 173 1126 fuit
191 1103 210 1126 v,
247 1081 343 1120 ute
373 1065 512 1117 libris
534 1064 902 1128 Capitularibus
938 1063 1198 1117 deleretur
1216 1063 1482 1117 decretum
1517 1065 1824 1115 remotionis*
1847 1100 1864 1123 ,

41 1154 43 1157 ’
74 1139 121 1192 8(
145 1138 514 1190 describeretur
539 1135 587 1185 in
608 1137 667 1188 iis
684 1134 841 1188 Breve
865 1135 1235 1195 Apostolicum.
1257 1134 1472 1185 Romam
1498 1135 1544 1184 in
1573 1139 1665 1185 hoc
1691 1150 1858 1187 rerum

6 1242 10 1248 -
39 1267 44 1272 ,
73 1211 197 1262 statu
224 1219 472 1261 venerunt
495 1203 738 1269 Deputati
757 1239 771 1261 ‚
813 1206 860 1256 8(
882 1203 998 1254 lice't
1039 1221 1127 1269 per
1160 1206 1252 1257 alia
1272 1204 1567 1256 Tribunalta
1585 1206 1741 1255 audiri
1765 1221 1853 1266 po-

75 1279 402 1346 stulaverint,
424 1276 658 1329 eamdem
679 1287 847 1325 tamen
871 1275 1058 1325 sortem
1075 1272 1266 1339 experti
1288 1270 1399 1325 sunt
1418 1311 1433 1334 ‚
1457 1276 1579 1325 itaut
1600 1275 1742 1324 litem
1770 1274 1859 1324 de-

77 1347 310 1407 lerem&
336 1347 520 1409 patrios
538 1343 665 1396 lares
686 1357 913 1408 repetere
937 1344 1094 1395 coaffli
1115 1346 1319 1396 luerint.
1339 1343 1472 1396 Hinc
1492 1343 1585 1394 alia
1607 1344 1666 1395 lis
1685 1345 1746 1395 de
1765 1348 1861 1393 im·-

72 1419 222 1489 pensts
237 1414 376 1468 fafiis
398 1417 445 1466 in
469 1414 691 1476 lite‚tam
717 1414 764 1464 in
785 1411 1055 1466 Tribunali
1090 1417 1157 1467 A.
1177 1416 1240 1465 C.
1261 1415 1415 1480 quam
1438 1415 1712 1480 Signaturae
1738 1449 1749 1464 ,
1796 1413 1858 1463 de

76 1485 268 1542 viaticis
294 1487 666 1550 Deputatorum
692 1498 713 1541 ‚¹
743 1481 949 1556 aliisque
969 1501 982 1538 :
1003 1485 1373 1537 contendebant
1393 1484 1529 1535 enim
1555 1496 1657 1534 tres
1679 1484 1857 1534 Cano-

32 1569 36 1575 ’
75 1557 180 1611 nidi
201 1594 218 1619 ‚
256 1555 338 1619 qui
361 1556 768 1617 protestationem
791 1551 1063 1607 emiserant
1087 1593 1103 1617 ‚
1142 1569 1242 1606 non
1265 1555 1396 1618 poffe
1416 1559 1503 1604 hos
1526 1549 1747 1614 sumptus
1769 1567 1856 1604 ce-

78 1629 201 1680 dere
223 1640 384 1689 neque
403 1625 452 1676 in
495 1623 740 1675 damnum
776 1622 1027 1687 Capituli,
1065 1639 1227 1688 neque
1250 1625 1547 1674 haereditatis
1589 1621 1857 1672 Baldiuiae.

71 1695 266 1747 Contra
285 1710 474 1747 novem
496 1691 742 1745 Canonici
785 1693 967 1746 cedere
990 1697 1175 1746 debere
1194 1694 1243 1743 in
1267 1694 1509 1744 damnum
1554 1691 1857 1741 haereditatis

69 1764 399 1817 substinebant
423 1800 438 1816 .
458 1767 527 1814 Re
556 1761 615 1813 ad
636 1764 733 1814 hoc
749 1759 941 1814 sacrum
965 1763 1209 1815 Tribunal
1230 1764 1391 1814 delata
1422 1797 1435 1818 ‚
1452 1762 1687 1822 editaque
1705 1776 1731 1809 a
1747 1760 1853 1811 Ca-

71 1833 266 1886 nonicis
297 1867 312 1888 ‚
333 1850 482 1897 quam
504 1831 719 1883 diximus
738 1866 751 1886 ,
767 1835 958 1896 apocha
978 1865 996 1892 ,
1017 1830 1170 1884 Causa
1190 1848 1323 1884 nunc
1341 1831 1657 1894 proponitur,
1683 1829 1851 1892 dispu-

72 1906 468 1958 tantibustribus
491 1901 766 1953 Canonicis
809 1899 1030 1965 sumptus
1073 1903 1250 1954 cedere
1283 1902 1468 1953 debere
1488 1901 1532 1949 in
1567 1898 1852 1951 detrimen-

71 1986 181 2025 tum
214 1989 403 2025 novem
428 1971 811 2023 Canonicorum
834 2006 848 2029 ‚
871 1987 896 2021 a
921 1970 1099 2036 quibus
1123 1972 1480 2036 reintegranda
1506 1969 1564 2020 fit
1589 1966 1850 2020 haereditas

72 2042 296 2096 Baldinia
317 2077 330 2099 ,
371 2038 486 2106 quia
506 2041 661 2091 obstat
682 2040 789 2103 ipsis
812 2041 1012 2103 propria
1036 2040 1284 2107 oblfgatio
1302 2039 1468 2090 emiffa
1490 2041 1537 2089 in
1566 2036 1851 2102 Apocha,&

58 2113 183 2177 quia
202 2111 438 2163 inutilem
465 2147 481 2172 ,
518 2109 945 2162 &calumniosam
970 2112 1165 2174 egerint
1185 2113 1328 2163 litem
1349 2121 1523 2160 contra
1543 2108 1847 2158 decretum

69 2182 381 2247 Capitulate,
399 2192 575 2232 contra
599 2178 855 2243 publicum
881 2179 1262 2231 instrumentum
1284 2214 1296 2235 ‚
1321 2192 1496 2229 contra
1517 2175 1675 2227 Breve
1702 2177 1851 2239 Apo-

69 2253 300 2304 stolicum
321 2288 334 2310 ,
371 2252 417 2303 in
438 2252 615 2316 quibus
640 2253 902 2302 vetabatur
940 2251 1164 2299 remotio
1191 2248 1399 2300 Antonii
1435 2246 1616 2309 Angeli
1641 2247 1738 2296 fine
1768 2245 1854 2302 iu-

69 2324 137 2373 sta
155 2317 312 2374 Caula
330 2361 346 2385 ,
379 2337 482 2386 quae
504 2321 589 2371 hic
607 2319 741 2370 nulla
763 2335 864 2371 erat
894 2355 906 2372 ,
926 2335 1040 2369 εἰη]
1067 2334 1150 2380 per
1172 2331 1247 2367 tot
1268 2333 1425 2369 annos
1450 2320 1652 2379 probata
1675 2310 1843 2364 fnisset

71 2391 174 2469 ejus}
212 2391 370 2449 fides,
411 2390 770 2461 &diligentia,
807 2395 852 2443 dc
896 2389 1093 2441 laudata
1117 2385 1278 2440 fuisset
1312 2382 1574 2442 sententiis
1616 2383 1848 2454 syndica-

73 2472 251 2513 torus.

1 2528 189 2583 Contra
210 2545 394 2581 novem
410 2527 656 2580 Canonici
682 2543 783 2578 non
821 2527 984 2578 obesse
1005 2526 1378 2592 obligationem
1400 2524 1450 2576 in
1469 2525 1655 2586 apocha
1675 2521 1806 2572 sttlce
1825 2551 1845 2564 -

71 2598 346 2667 ptam‚s]uia
365 2598 630 2652 expressam
660 2599 1004 2650 conditionem
1031 2600 1203 2648 habeat
1219 2624 1265 2635 --
1292 2600 1345 2646 in
1361 2599 1460 2666 cast)
1477 2598 1561 2645 che
1584 2596 1616 2642 l’
1637 2591 1842 2643 Ere-dita*

68 2673 279 2720 Baldina
298 2667 453 2730 nonfb
490 2683 713 2718 etenum
753 2695 777 2706 -
814 2683 972 2729 neque
1008 2667 1196 2730 ambigi
1234 2667 1365 2727 poffe
1400 2665 1556 2716 teneri
1581 2664 1843 2714 haeredita-

68 2753 176 2793 tem
199 2741 257 2791 ad
279 2727 362 2791 ha's
383 2734 626 2802 impensas
645 2772 660 2795 2
703 2739 802 2790 five
821 2735 1113 2798 Capitulum
1139 2737 1212 2787 uti
1235 2739 1386 2785 haeres
1409 2734 1737 2788 Beneficiatus
1756 2746 1842 2782 ac-

68 2810 283 2874 cipiatur
301 2845 315 2865 ‚
349 2809 447 2861 five
469 2820 726 2870 tamquam
745 2805 914 2859 Tutor
937 2843 950 2861 ‚
985 2805 1029 2857 8(
1062 2804 1451 2858 Adrninistrator
1472 2843 1489 2865 ,
1530 2801 1729 2867 quoties
1754 2816 1838 2850 re-

68 2880 306 2934 motione
332 2877 545 2928 Antonii
596 2877 778 2942 Angeli
824 2875 1067 2933 curavit,
1103 2877 1317 2927 utdotes
1340 2874 1520 2937 puellis
1560 2868 1839 2935 praesertim

66 2944 442 3016 consanguineis
462 2945 952 3011 praestari-poffentex
977 2945 1236 2998 diminuto
1255 2946 1527 3010 stipendio:
1549 2940 1662 2994 latis
1683 2940 1778 2990 effe
1803 2937 1838 2990 fi

68 3020 130 3067 lis
153 3014 459 3077 calumniosa
478 3034 578 3067 non
603 3014 788 3070 fuerit,
824 3016 1014 3067 etia=nli
1056 3012 1311 3068 infelicem
1339 3017 1530 3065 exitum
1569 3013 1833 3062 habuerit:

66 3089 258 3140 Frustra
274 3088 332 3138 ad
351 3087 658 3139 calumniam
680 3087 938 3151 probanda
960 3086 1172 3147 proponi
1193 3085 1479 3137 Decretum
1498 3080 1793 3144 Capitulare
1815 3113 1830 3136 ‚

65 3159 446 3210 instrumentum
473 3157 733 3221 publicum
752 3195 768 3219 ‚
803 3156 962 3207 Breve
990 3154 1312 3207 pontificium
1335 3192 1351 3215 ‚
1392 3169 1511 3206 cum
1536 3154 1638 3202 haec
1661 3147 1840 3200 omnia

66 3230 237 3294 ignota
259 3227 413 3278 esseut
432 3227 688 3290 Capitulo,
707 3243 819 3278 nam
847 3227 1126 3278 Decretum
1148 3222 1440 3290 Capitulare
1461 3219 1733 3273 coufitstum
1750 3219 1839 3293 σᾷ,

64 3300 247 3348 constat
271 3313 360 3362 per
394 3297 683 3361 negativam
722 3296 1020 3349 coarctatam
1049 3295 1108 3346 de
1144 3310 1248 3351 eins
1284 3291 1594 3346 inexistentia
1616 3324 1628 3342 ,
1664 3302 1839 3338 conci-

66 3371 291 3433 nun'tque
311 3382 411 3418 tres
431 3363 650 3417 seniores
668 3400 681 3423 ‚
700 3369 781 3428 qui
805 3366 979 3418 vivunt
997 3365 1158 3418 adhuc
1178 3361 1436 3414 Canonici
1461 3398 1478 3423 ‚
1516 3356 1838 3410 testificantes

63 3449 335 3502 numquam
352 3436 592 3501 Capitulo
611 3435 864 3487 veniffein
889 3449 1113 3488 mentem
1139 3431 1237 3486 lese
1259 3429 1516 3497 obligandi
1542 3462 1559 3485 ,
1591 3442 1662 3478 ..ne
1689 3425 1837 3478 Fide·

64 3502 158 3554 ltus
177 3521 529 3559 removeretur
551 3506 793 3568 finejuaa
814 3539 826 3558 2
846 3505 891 3558 8(
929 3508 1157 3568 legitima
1177 3499 1315 3555 causa
1339 3540 1355 3560 ,
1377 3514 1655 3564 numquam
1685 3511 1712 3546 a
1732 3495 1832 3545 Ca-

62 3576 224 3639 pitulo
237 3576 500 3645 deputatos
520 3573 658 3630 fuisse
676 3609 693 3632 2
730 3572 815 3639 qui
835 3574 1098 3642 publicum
1121 3573 1248 3628 illud
1274 3571 1664 3626 instrumentum
1684 3564 1833 3689 ἱὶίίξὲιᾶ
