2571 3961
37 208 299 260 Cardinalis
326 207 540 257 visitator
556 245 570 265 ,
603 207 716 258 statu
738 209 942 260 Ecclesiae
961 210 1210 273 diligenter
1226 208 1452 274 persper
1469 244 1484 265 ,
1518 211 1744 272 respondit
1762 247 1794 267 ‚‚
1828 213 2044 276 Deputa-

0 286 21 312 x
89 306 131 328 Ὢ
167 286 234 321 tos
262 272 494 322 occasione
512 274 759 336 magnificae
787 272 1004 322 struQurae
1036 289 1170 322 novae
1187 272 1393 323 Ecclesiae
1408 273 1544 343 plura
1566 273 1718 323 debita
1732 276 2032 331 contraxisse,

87 349 145 391 '„·
162 336 463 398 capitaliaque
486 336 805 398 Legator-um(
829 337 947 383 inter
965 353 1062 399 quae
1083 337 1342 385 numeravit
1364 349 1502 384 etiam
1520 337 1740 400 Legatum
1779 340 1863 385 hoc
1883 342 2036 388 Ama-

86 432 128 454 t„
159 398 366 451 dorium,
398 399 458 447 de
473 414 563 461 quo
579 401 772 462 agitur)
792 400 991 464 ,aliasque
1009 400 1222 461 pecunias
1238 414 1341 448 cum
1361 416 1500 448 onere
1527 399 1760 449 Miss‘arum
1793 416 1815 446 a
1849 401 2036 450 Fideli-

96 497 127 517 „
159 460 243 509 bus
263 475 462 522 receptas
480 498 493 515 ,
526 461 599 510 vel
631 479 676 512 in
701 462 936 510 Fabricam'
949 461 1258 522 consumpsisse
1277 498 1290 516 ,
1324 462 1399 510 vel
1426 463 1470 509 in
1493 465 1823 511 extinctionem
1849 465 2034 512 debito-

96 557 130 578 „
161 540 262 573 rum
283 528 615 573 contratlorum
634 523 832 589 erogasse
850 559 866 578 ,
899 526 1014 572 unde
1035 523 1268 572 Missarum
1287 526 1454 587 Legata
1469 561 1484 580 ,
1519 527 1562 584 &
1579 527 1886 588 obligationes
1907 563 1918 582 ,
1934 528 2035 591 qui-

99 624 130 643 „
163 589 246 635 bus
268 587 460 635 Ecclesia
488 587 694 648 praedieta
709 598 891 649 gravata
910 589 1137 648 reperitur
1166 586 1305 649 usque
1336 590 1389 632 ad
1421 603 1662 636 numerum
1680 595 1826 653 4615.
1857 589 1946 638 stne
1964 593 2038 638 ul·-

99 686 132 705 ‚,
168 652 213 698 la
247 650 425 712 prorsus
455 651 581 698 Dote
609 649 918 699 remanserunt
934 651 1024 696 &c.
1068 648 1184 694 itaut
1206 647 1435 700 Ecclesia,
1467 651 1724 699 &Societas
1761 669 1815 701 ex
1844 654 2038 701 hodier·

100 751 133 770 „
167 715 238 761 nis
265 713 522 761 redditibus
544 727 627 761 nec
643 711 948 759 alienationes
968 711 1202 771 praedictas
1216 711 1502 774 reintegrare
1525 749 1537 768 ‚
1572 716 1712 761 immo
1729 730 1812 764 nec
1833 718 2036 781 propriis

97 811 130 833 „
167 775 450 828 necessariis,
480 776 523 822 &
555 773 904 823 invariabilibus
932 773 1130 834 expensis
1151 772 1464 822 Ministrorum
1482 809 1495 827 ,
1525 777 1566 822 ἃ
1590 774 1820 826 sacrarum
1855 780 2033 841 suppel-

97 874 130 893 ‚,
162 839 381 888 lemnum
394 837 582 899 aliisque
598 834 698 885 fixis
714 834 928 884 oneribus
949 835 1208 884 satisfacere
1226 847 1406 897 poterat
1424 856 1452 890 ,:
1472 837 1742 887 sententiam
1761 841 1866 887 inde
1889 844 2033 890 animi
2080 890 2089 909 ‚

101 903 167 952 sui
184 901 358 964 aperuit
377 909 469 948 Pro
491 902 656 947 Gratia
672 899 824 948 ‚Sacra
847 899 987 960 igitur
1007 899 1419 963 haecCongregatio
1436 901 1514 948 die
1539 903 1735 958 19.J·unii
1754 919 1872 950 anno
1899 914 2034 977 ¹⁶94·
2070 911 2085 935 2²

97 963 337 1014 Cardinali
369 961 610 1013 Visitaiori
640 995 671 1016 „
703 961 898 1024 benigne
926 961 1179 1016 commisit,
1212 973 1263 1009 ut
1300 964 1420 1012 veris
1452 963 1749 1013 existentibus
1792 980 1985 1029 narratis
2022 1002 2036 1022 ,

98 1062 131 1083 ‚,
163 1029 207 1075 δι
222 1024 426 1083 injuncto
439 1022 798 1074 Ecclefiaexonere
815 1024 1057 1086 quotannis
1074 1025 1302 1073 celebrari
1348 1026 1533 1074 faciendi
1551 1028 1792 1086 duodecim
1812 1031 2032 1080 anniv-‘er-

98 1125 131 1145 ‚‚
163 1088 276 1139 saria
295 1121 308 1140 ‚
331 1103 469 1134 unum
496 1103 656 1149 nempe
671 1087 880 1152 quolibet
903 1087 1050 1136 mense
1069 1103 1150 1149 pro
1170 1087 1419 1136 Animabus
1445 1090 1788 1139 sic-nefastorum
1806 1125 1820 1144 ‚
1842 1109 2036 1156 quorum

96 1187 130 1207 ,‚
162 1149 397 1213 Capitalia
415 1165 507 1197 non
525 1151 724 1199 existunt
741 1185 754 1206 ‚
781 1149 1114 1198 Confratribus
1133 1167 1246 1199 vero
1260 1167 1379 1199 nunc
1398 1188 1410 1204 ,
1438 1155 1478 1199 &
1500 1164 1584 1216 pto
1604 1167 1806 1212 tempore
1840 1155 2037 1204 existen·

96 1249 128 1270 ‚‚
159 1213 290 1274 tibus
309 1212 567 1274 applicandi
595 1213 897 1276 quascumque
914 1227 1067 1274 preces
1082 1214 1356 1275 generaliter
1375 1217 1417 1262 in
1436 1219 1590 1263 eadem
1613 1216 1810 1266 Ecclefia
1833 1220 2039 1268 recitari«

97 1313 130 1332 ,,
160 1275 245 1323 das
275 1276 321 1321 in
359 1273 620 1340 suffragium
655 1276 915 1323 eorumdem
933 1311 948 1330 ,
983 1276 1199 1324 Oratoris
1233 1312 1246 1331 ‚
1280 1279 1322 1325 &
1364 1278 1603 1327 Ecclesiam
1641 1280 1774 1342 super
1806 1284 2040 1338 omiflione

95 1373 129 1397 „
162 1341 211 1386 in
228 1340 502 1399 praeteritum
520 1355 601 1402 pro
617 1339 694 1387 suo
711 1337 928 1392 arbitrio,
964 1340 1008 1387 8<
1030 1341 1266 1401 prudentia
1294 1342 1498 1389 absolvat
1516 1378 1528 1396 ,
1565 1344 1606 1390 δι
1631 1358 1767 1391 onera
1788 1345 1994 1405 praedicta
2015 1378 2032 1400 ‚

117 1439 129 1457 ,
161 1415 353 1464 quorum
374 1401 610 1464 Capitalia
641 1415 726 1450 non
750 1399 947 1465 existunt
964 1435 979 1454 ,
1008 1403 1195 1449 omnino
1219 1403 1385 1450 debeat
1412 1422 1425 1449 ε
1458 1406 1637 1453 Caetera
1659 1422 1770 1454 vero
1793 1442 1805 1461 ,
1840 1424 2035 1469 quorum

100 1500 134 1520 2,
166 1463 362 1512 redditus
383 1465 702 1513 insufficientes
719 1463 914 1518 existunt
931 1467 1018 1514 &cs
1036 1480 1115 1527 pro
1129 1465 1204 1513 suo
1221 1467 1440 1523 arbitrio,
1473 1470 1513 1516 δι
1547 1472 1787 1533 prudentia
1819 1472 2031 1521 modere-

98 1563 128 1582 „
164 1541 238 1575 tur
257 1562 270 1580 ‚
303 1539 436 1590 atque
458 1531 643 1577 reducat-
666 1566 679 1579 .
1557 1537 1563 1541 ’
2027 1544 2030 1547 ’

36 1592 290 1641 Decretum
309 1590 393 1648 hoc
411 1593 550 1639 Sacrae
567 1591 954 1656 Congregationis
973 1594 1265 1655 approbat-um
1283 1630 1296 1649 ,
1315 1594 1725 1658 confirmatumque
1745 1596 1832 1646 fuit
1861 1613 1886 1646 a
1903 1599 2034 1649 Sum·

93 1671 171 1702 mo
190 1647 413 1702 pontifice
434 1687 448 1706 ‚
479 1656 521 1702 δι
540 1654 799 1704 Cardinalis
826 1656 1039 1705 Vifitatot
1060 1658 1227 1720 Legata
1247 1693 1259 1709 ,
1291 1674 1480 1720 quorum
1525 1661 1649 1706 fundi
1679 1661 1880 1716 disttaffl
1911 1677 2030 1710 con·

89 1718 360 1779 sumptique·
377 1715 548 1764 fuerant
565 1755 578 1773 ,
610 1721 650 1765 δι
673 1720 794 1767 inter
810 1736 907 1784 quae
932 1718 1147 1782 Legatum
1165 1726 1312 1768 etiam
1327 1721 1618 1769 Ainadorium
1634 1724 1863 1771 recensuit
1879 1760 1892 1777 ‚
1927 1740 2035 1774 om-

91 1780 203 1829 nino
236 1779 442 1827 delevit.
477 1781 643 1844 Nuper
672 1795 826 1829 autem
845 1781 900 1831 R.
925 1784 1112 1831 Fabi-ica
1128 1785 1165 1828 S.
1190 1783 1312 1829 Petri
1331 1798 1479 1830 coram
1497 1786 1574 1832 suo
1590 1787 1742 1840 judice
1755 1787 1850 1849 egit
1873 1800 2033 1836 contra

89 1841 332 1891 Ecclesiam
350 1876 364 1896 ‚
396 1843 438 1890 δι
461 1843 642 1893 Sodales
661 1861 745 1907 pro
763 1847 1061 1906 applicatione
1082 1861 1305 1893 annorum
1320 1846 1605 1895 decursorum
1627 1849 1848 1897 fruduum
1868 1850 2033 1911 Legati·

91 1906 364 1956 Amadorii‚·
399 1905 504 1970 quia
532 1908 618 1955 hoc
643 1908 866 1970 Legatum
889 1910 1094 1956 habuerit
1115 1910 1317 1972 semper,
1348 1911 1390 1958 &
1416 1926 1532 1960 nunc
1552 1911 1715 1959 habeat
1748 1914 1872 1961 suum
1918 1914 2032 1961 fun-

90 1968 201 2017 dum¹
224 2004 237 2022 ,
267 1969 464 2017 Censum
481 1986 637 2031 nempe
657 1974 697 2020 sc
722 1988 857 2021 1000.
884 1974 931 2020 in
956 1973 1093 2020 domo
1117 1971 1254 2031 posita
1286 1971 1336 2020 in
1362 1974 1449 2020 Via
1468 1978 1518 2023 de
1540 1982 1756 2037 Cimaetori
1781 2011 1794 2029 ,
1835 1977 2029 2040 ideoque

90 2032 213 2080 inter
235 2030 407 2094 Legata
428 2034 502 2081 Pia
534 2035 813 2082 aCardina-li
850 2036 1085 2083 Petruccio
1126 2035 1375 2082 visitatore
1411 2038 1564 2085 deleta
1595 2041 1910 2100 comprehendi
1935 2055 2032 2088 non

91 2095 327 2159 potuerit,
360 2111 466 2143 cum
484 2097 577 2157 ipse
593 2114 647 2145 ex
664 2098 849 2146 decreto
866 2101 1008 2146 Sacrae
1025 2099 1157 2154 hujus
1173 2098 1553 2160 Congregationis
1573 2116 1624 2146 ea
1642 2101 1881 2149 dumtaxat
1903 2105 2030 2150 dele·

92 2174 141 2207 re
160 2157 299 2220 poss'et
315 2193 329 2212 ‚
364 2174 464 2219 quae
489 2159 635 2207 fundis
654 2195 668 2212 ,
700 2162 742 2207 δι
759 2160 1053 2223 Capita-libus
1077 2161 1293 2208 carebant
1311 2198 1321 2209 .
1354 2161 1501 2209 Causa
1536 2163 1724 2211 decreto
1758 2166 2035 2214 Eminentis-
2084 2220 2087 2222 v

92 2222 190 2270 simi
209 2221 400 2272 Domini
417 2222 682 2272 Cardinalis
701 2220 1055 2271 Pro-Auditotis
1072 2225 1210 2270 Sacro
1232 2223 1340 2271 huic
1373 2224 1608 2272 sribunali
1628 2227 1834 2289 delegata
1858 2227 1942 2276 fuit
1959 2266 1971 2284 ,
1987 2231 2034 2278 δε

93 2284 326 2348 disputant
352 2300 472 2334 nunc
493 2286 686 2335 Ecclesia
707 2320 720 2339 ,
752 2287 998 2334 &Sodales
1015 2323 1028 2341 ,
1062 2286 1262 2348 pluribus
1289 2287 1492 2334 collectis
1524 2289 1779 2337 rationibus
1797 2324 1812 2342 ,
1841 2293 2035 2351 potuisse

90 2346 387 2396 Cardinalem
408 2348 694 2397 Petruccium
715 2348 1008 2396 visitatorem
1028 2353 1111 2398 hoc
1127 2364 1300 2411 quoque
1325 2348 1546 2412 Legatum
1568 2353 1868 2400 A-madorium
1902 2356 2036 2403 dele-

94 2425 141 2457 re
160 2445 173 2464 .
214 2412 320 2473 quia
338 2411 510 2459 Census
530 2410 755 2474 impositus
780 2411 916 2460 fuerit
948 2415 993 2458 in
1024 2415 1160 2460 domo
1189 2410 1321 2471 ipsius
1347 2411 1583 2467 Ecclesiae,
1618 2415 1851 2476 nullosque
1888 2433 2035 2468 novos

96 2472 267 2521 fruetus
286 2478 533 2535 perceperit
555 2513 566 2524 .
608 2477 686 2522 An
704 2475 770 2523 hae
792 2477 991 2522 rationes
1008 2476 1106 2523 vim
1128 2473 1325 2522 babeant
1345 2511 1359 2531 ,
1377 2474 1603 2530 judicium
1616 2479 1704 2525 erit
1721 2478 2036 2534 EEAEP-ARq

95 2534 295 2585 Fabrica
313 2538 427 2584 nihil
460 2539 702 2586 habuimus
719 2570 732 2583 .
775 2537 984 2586 Dubium
1009 2537 1071 2585 est
1087 2571 1102 2585 .

35 2607 118 2646 .An
136 2598 199 2655 fit
230 2602 354 2648 locus
389 2603 691 2664 applicationi
721 2607 941 2648 Bonorum
959 2637 973 2655 ,
1001 2605 1052 2649 de
1081 2599 1248 2663 quibus
1277 2604 1433 2663 agitur
1452 2634 1466 2653 ,
1495 2604 1662 2659 favore
1687 2613 1739 2667 R.
1782 2605 1952 2653 fabrice
1986 2615 2032 2658 S,

99 2666 239 2710 'Petri
258 2676 345 2728 pro
374 2664 532 2726 afferto
549 2663 945 2726 inadimplemento
980 2664 1139 2728 Legati
1157 2664 1235 2728 pii
1249 2665 1300 2722 de
1318 2667 1588 2722 Amadoriis
1603 2671 1649 2717 in
1666 2669 1766 2728 casu
1785 2675 1886 2727 &e-

162 2787 273 2838 Non
298 2790 526 2852 proposit-a
558 2824 571 2839 .
637 2806 642 2810 ’
696 2847 710 2859 υ
2026 2867 2032 2871 -

183 2914 619 2966 EAPOLITANA
653 2917 1162 2967 ALtMENTORUM
1182 2937 1199 2964 ε
1221 2917 1339 2967 Cum
1362 2920 1537 2968 nullam
1564 2919 1874 2970 Proseffionem
1911 2922 2035 2977 fuam

196 2979 344 3025 dicere
363 2981 508 3028 vellet
526 3013 540 3031 ‚
571 2982 616 3028 &
649 2980 841 3029 Causam
860 2982 1160 3031 restitutionis
1183 2983 1229 3029 in
1247 2982 1481 3044 integrum
1500 2999 1630 3045 agere
1661 3000 1812 3036 coram
1834 2986 2031 3036 Vicario

97 3036 316 3088 Generali
353 3042 658 3104 Neapolitano
697 3045 1024 3100 Fr.Januarius
1058 3044 1282 3092 Priscol‘us
1325 3045 1513 3094 Ordinis
1531 3047 1781 3102 &joannis
1800 3058 1867 3099 De
1899 3060 1992 3097 Deo
2013 3085 2029 3105 ,

96 3101 343 3162 postulavit
377 3107 432 3150 ab
450 3106 604 3153 eodem
623 3108 810 3156 Vicario
842 3106 1061 3154 Generali
1089 3143 1102 3164 ‚
1136 3121 1186 3154 ut
1217 3110 1363 3155 locum
1399 3111 1540 3156 alium
1571 3122 1703 3158 extra
1735 3111 1924 3159 claustra
1962 3113 2028 3160 sui

96 3165 359 3214 Monasterii
379 3168 622 3231 adsignaret
641 3205 656 3222 ,
685 3171 759 3216 ubi
778 3173 921 3218 tutius
942 3173 1067 3218 litem
1087 3186 1225 3233 agere
1244 3207 1257 3227 ‚
1284 3170 1327 3217 ὅ(
1347 3173 1563 3234 prosequi
1592 3173 1732 3234 posset
1750 3206 1765 3221 .
1807 3173 2026 3224 vicarius
2095 3194 2101 3203 ¹

94 3224 284 3276 decreto
303 3229 399 3278 lato
419 3233 489 3277 die
515 3245 585 3293 27.
607 3233 726 3280 Maii
746 3250 861 3281 anno
884 3242 1014 3296 1746.
1041 3234 1276 3295 aflignavit
1297 3233 1628 3283 Monasterium
1645 3272 1676 3291 ,‚
1713 3237 1884 3283 Montis
1906 3238 2021 3283 San-

93 3321 123 3340 „
157 3293 216 3338 eti
247 3292 429 3339 Patrum
452 3293 831 3348 Car-mentatum,
864 3298 1064 3344 durante·
1094 3311 1300 3357 >tempore
1318 3296 1414 3344 litis
1431 3313 1519 3360 pro
1549 3300 1649 3346 loco
1682 3313 1816 3346 morae
1835 3335 1848 3353 ‚
1879 3300 1921 3346 ὃ(
1946 3300 2029 3347 ha*

91 3381 123 3402 ,,
155 3353 435 3409 bitationis„
475 3357 625 3413 Huius
651 3358 801 3419 itaque
823 3361 1011 3407 Decreti
1040 3361 1178 3407 titulo
1194 3371 1403 3421 receptus
1420 3361 1465 3407 in
1484 3376 1538 3408 eo
1557 3361 1828 3410 Monasterio
1844 3361 2025 3410 Prisco-

90 3413 161 3459 lus
195 3417 376 3478 integro
407 3419 602 3466 duorum
641 3437 864 3469 annorum
888 3457 901 3474 ,
934 3424 1240 3484 binorumque
1259 3421 1473 3470 mensium
1491 3423 1638 3484 spatio
1658 3424 1816 3486 hospes
1856 3425 1907 3473 in
1937 3426 2026 3482 illo

90 3478 326 3538 permansit
346 3484 362 3530 ,'
390 3482 489 3528 inde
519 3483 800 3530 valetudinis
828 3485 1023 3532 adversae
1044 3486 1174 3533 causa
1195 3487 1432 3542 impetrata
1449 3486 1586 3534 venia
1622 3504 1647 3534 a
1680 3489 1786 3533 Pat.
1824 3489 2027 3540 Provin-

85 3539 196 3587 ciali
230 3541 581 3591 carmelitarum
601 3581 614 3598 ‚
649 3546 708 3594 ad
734 3546 1056 3595 Monasterium
1075 3547 1256 3610 Capitis
1273 3546 1416 3594 Chini
1444 3547 1640 3604 ejusdem
1658 3551 1846 3598 Ordinis
1883 3552 2028 3599 trans-

11 3635 14 3638 -
89 3600 205 3650 latus
239 3601 326 3650 fait
346 3627 363 3656 ,π
386 3608 462 3652 ubi
481 3608 594 3655 alios
621 3610 774 3656 decem
797 3610 966 3657 menses
985 3623 1180 3657 moratus
1202 3608 1265 3655 est
1283 3643 1296 3661 ,
1327 3609 1588 3673 &denique
1616 3616 1769 3661 eadem
1803 3630 1861 3661 ex
1896 3614 2029 3662 causa.

84 3664 569 3775 advexsaeTvaletudiInis
588 3672 809 3721 Puteolos
831 3672 875 3723 se
894 3672 1088 3722 contulit
1102 3673 1149 3720 in
1168 3671 1293 3782 alim}
1307 3670 1373 3718 Ca
1383 3673 1663 3724 rmelitarum
1678 3676 2029 3786 Monastetiggn,

227 3773 232 3779 ,
311 3746 390 3778 om.
402 3739 476 3778 XX
505 3741 562 3780 V.
1362 3746 1391 3781 2
1893 3755 1922 3787 u
1954 3753 1971 3787 1
