2571 3961
143 253 436 307 ORTANA
467 255 944 306 SUPPRESSIONIS
971 255 1502 307 CANONlCATUS:
1533 261 1739 316 Decem,
1773 262 1814 308 δε
1838 260 2014 324 septem
2087 270 2198 326 Sess.
2220 264 2286 316 21ss
2309 290 2346 318 c.
2377 287 2415 325 3-

158 320 470 370 Canonicatus
489 357 502 376 ,
523 323 706 370 unicam
724 322 1023 384 Dignitatem
1042 321 1295 370 Prioralem
1314 358 1326 374 ,
1345 326 1541 384 quinque
1559 325 1864 389 Cappellanos
1881 326 2006 375 Cho·
2058 334 2108 378 de
2126 333 2212 392 [ἦρί
2223 347 2277 381 (9
2300 340 2416 393 sess.

60 385 180 437 rales
199 417 214 437 ,
243 400 436 446 quorum
453 397 543 433 tres
564 383 680 432 sestis
712 398 887 432 tantum
909 385 1066 431 diebus
1083 385 1277 433 servitio
1300 386 1496 434 obstricti
1520 388 1620 435 sunt
1643 423 1656 439 ‚
1693 401 1901 435 numerat
1918 389 2007 434 Ec·
2054 398 2302 454 24.c.1i1c1'e
2317 399 2414 456 Res.

59 449 194 499 elesia
211 448 506 497 Cathedralis
525 449 738 496 Hortana
759 483 772 497 .
804 449 864 496 Ea
879 444 1248 496 Canontcatibus
1266 452 1470 513 quinque
1487 451 1976 512 Jiiri'spatronatussunt
1991 484 2004 503 ,

59 515 102 562 ἃ
125 523 319 559 recentis
350 511 587 558 erectionis
607 529 620 556 =
650 512 884 559 duodecim
904 525 1011 557 vero
1038 511 1187 568 primae
1204 512 1449 560 erectionis
1467 547 1483 561 .
1516 514 1579 561 Hi
1609 529 1896 561 communem
1916 518 2004 560 du·-

59 579 164 624 dum
207 573 385 621 massam
414 575 641 621 habebant
667 609 682 629 ,
716 574 818 621 inde
852 573 1002 621 divisae
1036 571 1218 620 fuerunt
1247 574 1527 629 Praebendae,
1559 578 1777 639 assignato
1813 576 2007 625 cuilibet

60 637 362 686 distinctionis
380 638 522 700 gratia
541 636 675 684 unius
693 636 900 697 Apostoli
932 635 1091 681 ritulo
1111 669 1123 682 .
1149 635 1356 684 'Ecciefiae
1381 638 1595 686 fabricam
1619 640 1715 687 sere
1734 656 1759 687 a
1779 640 1877 688 solo
1904 640 2007 687 ele-

63 714 222 763 ganter
243 700 444 748 restituit
469 714 590 745 anno
619 712 746 753 1721.
768 700 982 759 piissimus
1010 697 1252 759 Episcopus
1274 698 1581 748 Tenderinius
1599 735 1613 753 ,
1645 702 1719 749 sed
1742 719 1843 750 cum
1866 703 2008 749 reddi-

63 776 137 810 tus
154 764 211 810 ad
231 764 325 821 ejus
343 760 741 810 conservationem
755 759 986 806 necessarii
1004 756 1252 806 deficerent
1268 797 1282 814 ,
1319 760 1509 823 supreffo
1527 765 1749 812 sodalitio
1765 766 1883 812 SSmi
1912 766 2011 812 No-

62 826 319 882 minislesu
345 825 440 881 eius
462 826 580 871 bona
600 823 787 870 fabrica:
816 822 1105 870 cathedralis
1122 823 1339 872 attribuit
1361 857 1373 870 .
1407 823 1526 873 Cum
1547 839 1698 873 tamen
1718 863 1731 882 ,
1762 830 1804 875 δι
1847 830 2009 875 horum

61 889 292 937 bonorum
309 887 505 934 redditus
526 886 721 946 impares
752 885 923 938 essent,
964 900 1066 933 nam
1092 921 1104 938 ,
1136 886 1335 934 deductis
1355 888 1576 937 oneribus
1596 925 1609 943 ‚
1645 890 1722 936 vix
1751 891 2010 949 supererant

59 952 172 1000 scut.
198 963 269 1012 ις.
284 959 360 1012 76.
377 963 457 1010 pro
473 948 642 995 fabrica
663 982 677 1000 ‚
721 950 850 1006 cujus
887 951 1025 996 annui
1047 949 1262 996 ordinarii
1297 949 1503 1014 sumptus
1536 953 1773 1015 requirunt
1803 955 1910 1000 scut.
1936 966 2012 1008 29.

59 1013 287 1068 circiter,
318 1011 434 1059 idem
457 1010 703 1072 Episcopus
721 1015 874 1060 naelus
893 1010 1173 1060 occasionem
1200 1013 1451 1061 vacationis
1469 1014 1778 1062 Canonicatus
1797 1052 1808 1068 ‚
1830 1018 1870 1062 δι
1895 1015 2013 1064 Prae-

60 1076 217 1124 bendae
231 1073 442 1129 &Jacobi
461 1073 658 1132 Maioris
679 1110 693 1128 ,
728 1075 808 1139 qui
826 1089 944 1124 nunc
962 1075 1157 1135 primum
1182 1074 1227 1121 in
1265 1074 1597 1136 Theologalem
1627 1081 1794 1127 erectus
1824 1078 1974 1125 fuerat
1997 1114 2011 1132 ,

60 1152 218 1201 preces
242 1136 415 1185 obtulit
430 1137 523 1186 san.
541 1153 680 1186 mem.
697 1137 942 1186 Benedieto
963 1136 1081 1185 ΧΠ]
1120 1139 1284 1201 qu÷bus
1313 1140 1559 1200 postulavit
1579 1176 1594 1196 ‚
1627 1153 1676 1190 ut
1708 1145 1849 1189 donec
1870 1143 1923 1186 ad
1943 1141 2011 1188 il-

58 1203 154 1250 lum
177 1199 540 1261 consequendum
555 1200 721 1264 aliquis
737 1211 1030 1250 concurreret
1049 1237 1061 1256 ‚
1093 1201 1261 1249 fructus
1280 1202 1477 1258 ejusdem
1497 1203 1684 1253 fabricae
1710 1206 1915 1253 Ecclefiae
1935 1217 2014 1252 at-

55 1264 308 1319 tribueret.
338 1262 431 1311 Rei
448 1263 653 1326 cognitio
668 1264 777 1313 data
795 1264 882 1314 suit
904 1266 1043 1315 Sacro
1064 1265 1172 1312 huic
1193 1265 1437 1314 'l'ribunali'
1463 1302 1476 1318 ,
1509 1269 1799 1332 obtinuitque
1825 1268 2012 1327 Episco-

53 1341 140 1389 pus
155 1325 391 1390 plusquam
412 1327 696 1389 postulabat,
727 1343 848 1378 anno
863 1325 1077 1391 liquidem
1102 1332 1231 1389 1728.
1254 1345 1262 1372 :
1283 1329 1446 1390 pravia
1462 1329 1505 1377 C
1514 1332 1781 1379 anonicatus
1802 1333 2012 1395 sssrppres-

44 1388 200 1449 sione,
232 1390 331 1447 ejus
354 1387 522 1439 fructus
540 1391 768 1454 perpetuis
792 1389 958 1440 futuris
982 1390 1256 1449 temporibus
1289 1391 1469 1441 fabricae
1508 1395 1665 1441 addicti
1691 1396 1874 1442 suerunt
1943 1393 2014 1442 ita

53 1461 206 1500 tamen
229 1487 243 1506 ,
278 1462 331 1500 ut
366 1453 416 1502 in
435 1453 582 1514 prima
606 1454 795 1504 alterius
821 1454 1135 1502 canonicatus
1158 1467 1394 1502 vacatione
1431 1454 1735 1518 Theologalis
1774 1458 2014 1505 Praebenda

53 1514 336 1579 erigeretur,
366 1519 408 1566 δι
427 1517 558 1575 iuxta
580 1516 667 1565 hoc
683 1522 917 1568 decretum
936 1517 1049 1566 faeta
1066 1518 1154 1566 fuit
1183 1515 1426 1581 suppressio
1451 1518 1763 1567 Canonicatus
1784 1557 1797 1575 ,
1831 1523 1876 1568 8<
1908 1520 2012 1567 fru—

53 1582 148 1628 Ctus
163 1579 345 1628 fabricae
364 1579 574 1629 Ecclefiae
591 1581 751 1630 tributi
769 1581 869 1628 sunt
884 1615 895 1627 .

0 1643 132 1692 Anno
153 1654 303 1690 tamen
328 1655 457 1706 ¹743-
474 1641 751 1692 Tenderinii
767 1642 1000 1693 Successor
1021 1643 1258 1705 Episcopus
1278 1645 1449 1694 Varius
1474 1646 1727 1707 postulavit
1748 1663 1771 1693 a
1796 1646 2016 1706 Sanffliffi'·

53 1723 125 1754 mo
148 1709 331 1754 Domino
355 1705 522 1762 Nostro
540 1705 854 1756 canonicatus
872 1707 1210 1755 restitutionem
1232 1742 1246 1761 ,
1278 1708 1386 1768 quia
1410 1708 1612 1757 cessasset
1633 1710 1783 1756 Causa
1803 1707 2014 1769 suppres-

51 1766 218 1822 fionis,
255 1783 359 1816 cum
376 1766 558 1817 fabricae
579 1771 811 1831 provisum
840 1770 979 1822 effet3
1008 1773 1240 1818 turbatum
1259 1770 1385 1818 fuisse
1405 1772 1586 1820 dicebat
1622 1789 1674 1819 ea
1708 1774 2014 1836 suppreflione

50 1832 259 1880 ordinem
284 1830 602 1880 Hi::·rarchiae-
640 1849 725 1896 per
758 1850 895 1898 quem
926 1833 1087 1895 singuli
1123 1834 1273 1895 priinae
1302 1836 1542 1882 erectionis
1574 1835 1804 1881 Canonici
1842 1833 2015 1899 singula

52 1893 387 1955 Apostolorum
405 1895 588 1943 nomina
605 1896 864 1944 referebant
892 1914 906 1949 ς
942 1896 1138 1943 αὴόεὺεῑ
1176 1902 1498 1960 reintegranda
1530 1897 1616 1946 effe
1645 1898 1886 1945 Ecclesiam
1918 1904 2014 1946 ler-

52 1957 196 2011 vitio‚
227 1972 317 2020 quo
334 1957 552 2006 diminuta
585 1958 767 2008 flerat.
809 1961 960 2017 Huius
993 1975 1178 2021 quoque
1215 1960 1540 2022 postulationis
1574 1963 1779 2022 cognitio
1799 1965 1900 2009 data
1923 1961 2014 2008 fuit

50 2020 186 2068 Sacro
202 2020 309 2067 huic
339 2019 583 2069 Tribunali
601 2054 615 2075 ,
643 2022 719 2069 sed
737 2058 748 2076 ,
780 2025 885 2072 duan
904 2024 1174 2070 cunctantur
1193 2024 1351 2071 Partes
1374 2060 1384 2076 ,
1417 2026 1525 2079 jura
1543 2024 1619 2072 sua
1642 2039 1794 2082 parare
1818 2060 1829 2077 ‚
1865 2025 2016 2071 Fran-

51 2082 196 2131 ciscus
218 2083 403 2133 Vivaldi
423 2083 763 2133 Canonicatum
778 2086 985 2136 obtinuit
1001 2100 1026 2129 a
1052 2086 1243 2133 Datiria
1268 2084 1556 2146 Apostolica.
1603 2087 1797 2134 Vacavit
1821 2086 2014 2136 hicCa-

50 2155 291 2194 nonicatu-vs
309 2157 458 2194 morte
476 2147 662 2196 Vivaldi
681 2149 908 2211 superiore
927 2162 1048 2195 anno
1069 2161 1197 2208 1754.
1213 2150 1256 2195 δι
1277 2146 1548 2207 Capitulum
1562 2149 1811 2197 Cathedral
1833 2165 1877 2202 s,
1903 2151 2015 2197 Ma-

50 2209 259 2273 gistratus
279 2209 501 2258 Civitatis
521 2246 534 2263 ‚
564 2212 606 2260 δι
627 2210 769 2262 Cives
785 2214 1009 2261 continuo
1024 2225 1176 2269 preces
1191 2213 1457 2259 obtulerunt
1481 2248 1490 2261 .
1524 2213 1689 2275 quibus
1708 2213 2008 2276 postulabant

51 2270 310 2319 confirmari
329 2272 676 2334 suppreliionem
705 2275 836 2331 hujus
854 2276 1166 2323 canonicatus
1208 2277 1434 2322 decretam
1463 2290 1581 2322 anno
1622 2282 1752 2329 1728·
1775 2311 1789 2329 ‚
1819 2276 2003 2339 ejusque

53 2331 224 2382 fructus
252 2335 432 2385 fabricae
465 2339 688 2386 attribui.
729 2338 889 2386 Auditi
923 2337 1103 2384 fuerunt
1132 2335 1378 2398 Episcopus
1416 2339 1689 2390 florianus,
1720 2340 1762 2385 &
1801 2339 2009 2386 Datariae

52 2397 337 2452 Apostolicae
359 2398 556 2447 Ministri
581 2418 591 2445 τ
627 2399 871 2463 Episcopus
906 2399 1155 2454 multis;est
1184 2401 1231 2445 in
1251 2399 1560 2448 demostranda
1596 2400 1747 2457 inopia
1787 2400 1967 2449 fabrice
1994 2434 2009 2453 ,

52 2461 170 2506 unde
187 2462 335 2508 educit
357 2462 663 2510 necestitatem
690 2464 1027 2525 suppreffionis:
1063 2478 1150 2510 non
1175 2461 1281 2508 satis
1304 2462 1562 2509 consultum
1595 2463 1720 2512 fuisse
1737 2498 1749 2515 ,
1783 2463 1850 2511 ait
1873 2502 1883 2516 ,
1929 2476 2003 2511 at·

53 2524 311 2570 tributione
341 2525 562 2572 bonorum
596 2526 799 2589 suppressi
819 2526 1067 2577 Sodalitii3
1105 2522 1263 2572 errasse
1292 2524 1507 2586 siquidem
1536 2525 1586 2572 in
1617 2528 2006 2590 computatione...

55 2584 317 2632 reddituum
332 2586 606 2648 Episcopum
629 2589 814 2637 Varium
834 2623 850 2642 ,
881 2604 986 2636 cum
1004 2604 1097 2636 non
1118 2588 1371 2635 deduxerit
1388 2603 1444 2634 ex
1475 2588 1528 2634 iis
1559 2604 1694 2637 onera
1729 2591 1969 2638 Sacrorum
1989 2608 2002 2634 ε

55 2659 196 2709 negat
215 2663 270 2695 ex
292 2664 342 2695 ea
376 2651 675 2709 supprestione
699 2654 844 2699 minui
879 2654 1116 2700 servitium
1134 2649 1369 2704 Ecclesiae,
1402 2651 1629 2704 cumsatis
1658 2653 1742 2699 {int
1779 2652 2003 2701 sexdecim

54 2709 284 2758 Canonici
306 2747 319 2765 ,
358 2710 483 2759 Pri-nr
532 2715 572 2758 δι
595 2727 686 2759 tres
703 2713 977 2775 Cappellani
1005 2716 1228 2762 chorales
1247 2731 1260 2758 ε
1293 2726 1426 2774 negat
1445 2716 1620 2761 turbari
1639 2716 1868 2764 Ordinem
1887 2716 2012 2762 flie-

57 2772 313 2822 tarchicum
330 2809 345 2827 ,
377 2791 480 2824 cum
500 2775 819 2837 Apostolorum
839 2778 1031 2826 titulum
1059 2793 1155 2825 non
1186 2776 1389 2824 habeant
1408 2776 1652 2828 Praebendae
1670 2780 1728 2826 ab
1744 2779 1976 2826 crestione
1991 2811 2006 2830 ,

60 2832 132 2881 sed
150 2850 174 2882 a
191 2838 367 2897 privata
387 2837 602 2899 Capituli
623 2839 896 2887 auctoritate
919 2840 1149 2888 facilioris
1183 2838 1424 2887 divisionis
1446 2840 1624 2895 gratia.

0 2894 132 2944 Dura
154 2899 336 2948 videtur
355 2901 564 2949 Datariae
582 2902 854 2960 Apostolicae
874 2903 1101 2951 Ministris
1121 2902 1362 2963 postulatio
1382 2919 1512 2952 novae
1528 2903 1550 2950 s
1551 2903 1831 2966 uppreffionis
1851 2941 1863 2958 ,
1895 2904 2010 2966 post-

93 2973 196 3028 uam
213 2977 337 3010 anno
354 2975 483 3026 1743.
504 2965 794 3012 verificatum
815 2966 901 3013 fuit
929 2981 1082 3014 coram
1108 2966 1389 3028 Exequutore
1407 2965 1572 3014 cessare
1607 2969 1782 3015 causam
1800 2968 2008 3032 suppres-

79 3037 198 3069 iouis
225 3040 239 3068 ε
271 3025 358 3073 sine
375 3042 464 3087 ope
487 3028 616 3082 huius
635 3029 990 3076 extraordinarii
1023 3030 1212 3076 remedii
1243 3027 1418 3075 consuli
1448 3028 1567 3091 posse
1596 3030 1725 3087 ajunt
1761 3031 2008 3079 necessitati

60 3083 247 3133 fabricat
267 3098 361 3134 tum
380 3118 414 3140 ‚‚
442 3087 657 3138 fructibus
676 3095 894 3140 bonorum
919 3092 1328 3140 Confraternitatis
1358 3091 1582 3153 soppressae·
1601 3129 1614 3147 ‚
1647 3106 1744 3142 tem
1762 3095 1911 3143 media
1930 3110 2012 3140 an-

59 3181 94 3200 „
126 3163 232 3195 nata
251 3150 306 3198 ad
326 3153 526 3200 tramites
550 3154 905 3203 Constitutionis
928 3154 1160 3203 Benedicti
1184 3154 1374 3209 xlm„
1399 3171 1690 3222 quacumque
1710 3156 2009 3205 consuetudi-

59 3225 116 3256 ne
132 3227 222 3258 non
256 3213 464 3261 obstante
483 3217 779 3277 persolvenda
798 3254 810 3272 ,
851 3231 950 3266 tum
975 3255 1005 3272 „
1045 3218 1278 3277 superfluis
1298 3218 1549 3274 redditibus
1569 3220 1803 3269 Locorum
1824 3219 2010 3266 Piorum

59 3306 92 3327 „
127 3274 350 3323 Dioecelis
366 3312 380 3330 ,
401 3293 514 3338 quos
532 3277 755 3345 superesse
774 3295 899 3330 certo
918 3281 1182 3344 supponitur
1200 3318 1213 3336 ‚
1245 3295 1324 3329 aut
1343 3281 1539 3342 suspen-sa
1564 3283 1621 3330 ad
1636 3297 1810 3345 tempus
1829 3282 1970 3330 trium
1993 3317 2008 3336 ,

57 3366 92 3389 ,ι
122 3337 199 3384 vel
217 3351 406 3399 quatuor
423 3339 767 3391 Canonicatum
790 3345 1075 3404 provisione,
1111 3345 1218 3392 dum
1237 3359 1396 3393 eorum
1425 3346 1664 3407 contingat
1696 3346 1908 3398 vacatio,
1944 3346 2006 3393 il-

56 3429 104 3468 ²³.
127 3397 270 3447 lorum
300 3402 463 3451 fruetus
482 3402 659 3453 sabricae
695 3406 904 3457 Ecclefiae
921 3408 1109 3456 interim
1123 3408 1392 3470 app-licando
1412 3441 1443 3460 ‚‚
1466 3442 1478 3453 .
1520 3408 1669 3455 Causa
1686 3424 1806 3457 nunc
1840 3423 2006 3471 propo-

55 3473 212 3514 nitur,
253 3464 296 3510 &
311 3465 509 3529 disputat
527 3467 795 3529 Capitulum
819 3475 968 3518 locum
986 3473 1082 3521 else-
1105 3487 1194 3518 non
1223 3470 1342 3535 poss'e
1363 3472 1417 3516 iis
1436 3471 1644 3519 remediis
1663 3508 1675 3526 ,
1709 3488 1817 3534 quos
1849 3469 2005 3534 sugge-

56 3536 160 3593 runt
184 3526 450 3585 Apostolicae,
489 3529 693 3581 Datariae
717 3533 946 3582 Ministri:
985 3546 1124 3594 negat
1151 3538 1306 3584 Media
1328 3542 1518 3580 Annam
1553 3535 1727 3583 consuli
1759 3533 1880 3599 poffe
1914 3549 2004 3581 ne·-

52 3587 243 3634 ceflitati
263 3588 478 3647 fabricae‚
511 3595 678 3642 cumin
712 3598 994 3657 pauperrima
1012 3595 1216 3644 Dioecesi
1238 3594 1362 3643 nulla
1392 3595 1476 3642 sint
1496 3593 1721 3647 Beneficia
1751 3634 1765 3653 ,
1795 3613 1895 3659 quae
1932 3611 2002 3655 tot

51 3649 253 3700 redditus
281 3654 487 3712 praestent
512 3670 620 3717 quot
652 3658 778 3713 iuxta
813 3658 1048 3706 BenediCti
1071 3675 1172 3705 nam
1195 3657 1588 3707 Constitutionem
1604 3661 1660 3707 ad
1698 3664 1893 3712 mediam
1911 3679 2001 3717 ane

52 3725 207 3761 natam
231 3726 478 3766 tenentur:
508 3719 553 3767 Si
569 3720 675 3770 huic
705 3722 840 3772 oneri
861 3719 1088 3770 Beneficia
1118 3719 1481 3778 subiicerentur,
1507 3739 1738 3789 *perpetuo
1754 3736 1996 3834 vgcarent:

1821 3801 1932 3849 xpe·
