2571 3961
164 337 340 395 lCEN.
359 308 800 397 REMOTIONIS
820 335 1245 395 :Controverfias,
1266 352 1372 404 quae
1390 346 1534 391 erant
1558 337 1690 391 inter
1708 291 1884 396 Cot-133

187 413 490 464 munitatem
516 411 939 478 presbyterorum
963 408 1265 460 Parochialis
1307 408 1538 462 Ecclefiae
1583 409 1729 462 Villa:
1773 414 1876 462 saa

84 490 186 537 lens
226 521 242 545 ‚
298 481 340 531 ὅ(
395 480 639 544 Populum
698 477 924 538 ejusdem
966 477 1108 531 Villae
1150 480 1540 530 contendentem
1579 480 1880 534 Sacerdotes

86 569 266 608 omnes
288 550 588 617 originarios
609 549 669 604 ad
715 549 1156 602 Communitatem
1177 582 1192 604 ‚
1234 549 1279 600 &
1324 549 1758 611 participationem
1785 552 1880 602 esse

87 625 432 679 admittendos
455 657 470 679 ‚
503 617 726 685 praecidit
763 634 894 670 anno
928 623 1075 679 1667.
1098 652 1113 674 ‚
1146 616 1231 682 qui
1253 630 1371 670 tunc
1412 618 1642 671 Ecclefiae
1679 621 1878 674 Vicenfi

88 702 332 762 praeerat,
356 691 618 755 Episcopus
645 687 827 755 Capons
846 724 861 740 .
904 686 1003 738 Hic
1019 688 1154 763 enim
1179 691 1478 745 exequendo
1498 687 1764 743 sententias
1787 694 1878 743 hac

87 766 153 817 de
175 778 226 817 re
249 762 369 814 latas
387 760 796 824 participantium
818 771 1090 809 numerum
1117 766 1183 809 tta
1203 757 1467 821 praefinivit
1486 793 1499 814 ‚
1525 771 1577 809 ut
1597 776 1779 813 omues
1798 762 1877 811 es-

88 836 197 888 sent
215 833 568 900 quatuordecim
605 861 620 885 ‚
639 841 860 891 quorum
883 825 1038 893 aliqui
1056 829 1206 878 locum
1236 829 1392 891 fixum
1415 831 1673 886 haberent,
1693 846 1876 894 nempe

89 901 276 958 Reaor
294 935 309 959 ,
332 899 562 953 Vicarius
584 930 600 955 ‚
626 906 728 950 tres
750 896 1037 951 Beneficiati
1059 931 1074 953 ‚
1108 896 1152 948 8(
1169 896 1431 964 Organista
1452 938 1467 961 ‚
1511 898 1693 965 reliqui
1715 901 1880 966 origi-

88 969 218 1028 narii
235 995 251 1032 ,·
271 963 518 1020 reservata
534 965 619 1024 fibi
637 1002 652 1027 ‚
673 964 866 1031 suisque
887 970 932 1018 in
959 962 1251 1033 Episcopatu
1272 966 1640 1024 Succcfforibus
1660 962 1877 1023 faculta-

89 1055 143 1097 te
164 1077 181 1103 ‚
203 1049 258 1090 ut
277 1036 311 1090 fi
329 1051 389 1088 ex
408 1038 490 1089 his
511 1037 892 1102 quatuordecim
911 1037 1066 1102 aliqui
1082 1033 1295 1091 abeffent
1315 1074 1331 1098 ,
1352 1038 1612 1104 originarii
1632 1038 1718 1091 alii
1758 1036 1876 1091 sub-

23 1116 25 1118 ’
76 1108 215 1166 ‘stitui
240 1106 454 1171 pnlsent,
480 1108 566 1173 qui
585 1109 800 1172 absentia
818 1110 1025 1159 durante
1047 1104 1307 1160 servitium
1326 1109 1555 1164 Ecclefiae
1578 1111 1876 1172 praestarent,

92 1181 145 1232 δι
170 1175 402 1231 redditus
417 1176 694 1230 absentium
718 1178 1034 1243 perciperent
1056 1213 1071 1229 .
1094 1176 1363 1243 Temporis
1380 1176 1498 1245 fuga
1515 1177 1707 1245 negligi
1727 1176 1878 1243 caepit

91 1250 199 1302 haec
219 1244 479 1313 praefinitio
501 1246 738 1305 numeri,
762 1247 883 1298 itaut
906 1261 1038 1297 anno
1070 1264 1157 1311 173
1174 1266 1215 1313 3.
1240 1260 1625 1302 numerarentur
1652 1266 1679 1299 2
1695 1270 1737 1301 1.
1754 1249 1874 1299 Par-

95 1318 360 1381 t‘icipantes
377 1356 394 1381 ,
416 1317 548 1370 unde
569 1317 875 1379 eveniebat,
891 1326 944 1366 ut
966 1315 1279 1370 tenuiffimus
1299 1317 1414 1370 esset
1434 1332 1623 1371 annuns
1642 1316 1878 1370 redditus

101 1385 411 1453 singulorum
431 1423 446 1438 .
481 1383 584 1451 Ipsa
602 1386 751 1453 igitur
772 1396 971 1451 petente
997 1385 1424 1454 Presbyterorum
1467 1386 1686 1447 ejusdem
1714 1385 1874 1438 Paro-

95 1453 278 1508 chialis
299 1452 531 1510 Ecclefiae
549 1455 934 1509 Communitate
960 1453 1222 1521 Episcopus
1237 1459 1485 1522 Marymon
1504 1493 1521 1520 ‚
1547 1455 1630 1522 qui
1650 1456 1877 1508 Ecclefiae

82 1523 293 1578 »Vicenfi
320 1529 554 1590 praeerat,
576 1526 758 1589 praevia
778 1525 1009 1590 diligenti
1027 1525 1310 1591 cognitione
1329 1524 1618 1578 reddituum
1634 1525 1876 1578 omnium

64 1611 66 1613 ’
91 1591 315 1659 ejusdem
334 1594 755 1657 Communitatis,
776 1593 1041 1659 praefiniv'it
1065 1610 1332 1647 numerum
1357 1597 1529 1650 decem,
1556 1597 1617 1651 (ἐν
1639 1596 1730 1645 οέἷο
1754 1594 1878 1647 Par-

93 1665 409 1730 ticipantium
429 1661 710 1729 ‚affignatis
728 1665 935 1717 cuilibet
953 1665 1130 1716 annuis
1165 1665 1304 1718 libris
1332 1668 1445 1715 180.
1469 1700 1484 1724 ‚
1514 1660 1770 1715 servatain
1798 1679 1879 1716 re-

83 1732 240 1800 liquis
262 1730 430 1789 forma
449 1730 631 1787 inditia
654 1735 714 1784 ab
741 1732 979 1799 Episcopo
999 1734 1184 1801 Capons
1203 1770 1218 1786 .
1259 1732 1330 1785 Ut
1348 1738 1450 1788 haec
1476 1732 1741 1794 praefinitio
1759 1748 1876 1798 per-

82 1814 231 1870 petua
250 1802 369 1856 effet
385 1839 399 1864 ‚
422 1803 616 1858 curavit
638 1802 1072 1860 Communitas,ut
1092 1807 1151 1857 ab
1174 1806 1272 1858 hoc
1295 1803 1444 1857 Sacro
1461 1801 1727 1855 Tribunali
1747 1819 1874 1854 con-

83 1872 380 1926 firmaretur
400 1908 414 1932 ‚
455 1870 592 1939 quod
616 1869 801 1927 fastum
823 1870 919 1927 fuit
941 1888 1076 1925 anno
1106 1889 1256 1939 1743·
1278 1872 1512 1926 mandata
1528 1868 1874 1935 jurisdiftione

84 1941 295 1995 Vicario
310 1941 548 1996 Generali
573 1975 590 1993 .
624 1941 726 1995 Hic
775 1941 912 1996 aufta
950 1941 1203 1995 dumtaxat
1239 1957 1399 1995 annua
1436 1942 1717 2007 quantitate
1763 1941 1881 1994 red-

84 2012 287 2065 dituum
314 2046 328 2071 ,
346 2012 407 2065 ad
428 2012 576 2065 libras
596 2026 713 2064 200.
737 2013 907 2066 omnia
927 2013 1223 2076 approbavit
1247 2044 1261 2069 ‚
1283 2013 1447 2064 vetuit
1467 2044 1481 2067 ‚
1528 2025 1589 2061 ne
1607 2010 1874 2075 praefinitus

86 2081 173 2133 ille
196 2097 434 2135 numerus
449 2085 620 2146 augeri
649 2079 844 2145 posset,
878 2080 1176 2134 facultatem
1213 2079 1349 2132 dedit
1394 2080 1692 2145 lubrogandi
1714 2078 1875 2133 aliurn

91 2153 142 2203 in
166 2152 342 2204 Iocum
360 2146 572 2203 absentis
595 2189 610 2213 ,
629 2151 1073 2218 cujussubrogatio
1096 2165 1286 2203 tantum
1306 2154 1479 2203 durare
1496 2153 1661 2202 debeat
1679 2185 1692 2208 ,
1715 2166 1879 2216 quan-

89 2237 191 2274 tum
212 2222 426 2288 absentia
452 2224 564 2286 ‚seu
582 2222 867 2286 impotentia
887 2222 1102 2282 illias‚in
1113 2222 1252 2287 cujus
1275 2220 1424 2271 locum
1439 2223 1736 2287 subrogatus
1748 2221 1881 2284 fuit.

16 2296 74 2350 In
101 2292 272 2342 locum
293 2285 490 2354 Josephi
513 2289 717 2355 Casayas
735 2287 949 2343 absentis
972 2324 985 2348 ‚
1019 2305 1102 2354 qui
1122 2290 1595 2355 congregationem
1620 2291 1667 2340 S.
1694 2289 1880 2353 Philip-

88 2360 136 2426 pi
165 2357 309 2411 Nerii
330 2359 572 2426 ingressus
595 2357 789 2419 fuerat,
824 2356 1009 2425 quique
1030 2374 1153 2411 unus
1174 2372 1276 2413 erat
1298 2375 1355 2410 ex
1381 2360 1537 2410 tribus
1565 2358 1664 2410 illis
1692 2395 1708 2420 ,
1746 2372 1877 2422 quos

86 2424 354 2493 Episcopus
375 2433 627 2496 Marymon
644 2444 778 2480 anno
808 2447 895 2494 173
912 2446 955 2495 ς.
980 2427 1238 2480 reduxerat
1276 2426 1335 2479 ad
1355 2443 1622 2480 numerum
1647 2426 1827 2478 decem
1851 2463 1872 2488 ,

88 2497 137 2550 8(
156 2496 272 2548 otto
291 2532 304 2554 ‚
324 2495 614 2563 subrogatus
633 2494 725 2550 fuit
747 2514 876 2548 anno
906 2519 921 2549 1
937 2496 1293 2561 747.Silvester
1311 2495 1740 2562 Riera‚quousque
1763 2495 1871 2549 du·-

90 2576 224 2621 raret
249 2562 465 2617 absentia
482 2564 700 2629 ejusdem
729 2568 933 2634 Casayas
953 2604 968 2628 ,
1015 2581 1114 2631 qno
1137 2566 1341 2618 tandem
1364 2564 1602 2620 defunflo
1620 2599 1638 2627 ,
1659 2576 1878 2619 conten-

86 2636 234 2688 debat
250 2637 401 2688 Riera
424 2648 722 2702 perpetuum
764 2638 848 2689 fibi
888 2637 1058 2688 locum
1105 2635 1275 2688 deberi
1313 2634 1447 2689 inter
1484 2637 1835 2700 Participantes
1859 2670 1879 2696 ‚

85 2707 313 2758 obstante
332 2705 719 2758 Communitate
736 2739 750 2763 ‚
794 2702 896 2771 quae
917 2704 1218 2770 praefinitum
1257 2718 1533 2760 numerum
1558 2707 1799 2771 urgebat,
1827 2702 1880 2756 δε

82 2774 347 2838 Josephum
374 2775 578 2840 Casayas
603 2775 735 2827 intra
754 2789 1026 2827 numerum
1050 2775 1357 2837 praefinitum
1377 2792 1478 2827 non
1495 2771 1635 2827 fuiffe
1657 2808 1672 2832 ‚
1695 2769 1879 2838 sedsa-

78 2847 572 2914 pranumerarium:re
591 2844 755 2897 delata
775 2843 834 2897 ad
857 2843 1151 2906 Capitulum
1176 2844 1404 2897 Ecclesiae
1423 2842 1736 2897 Cathedralis
1751 2841 1878 2894 Sede

86 2914 366 2978 Episcopalr
394 2928 602 2967 vacante
620 2914 880 2966 decretum
908 2910 1002 2970 fut
1024 2915 1106 2964 che
1129 2931 1194 2980 qu
1212 2931 1451 2981 antunqne
1473 2917 1516 2964 il
1526 2914 1739 2981 predetto
1759 2914 1883 2964 Rie-

88 3001 146 3035 ra
167 3019 180 3040 ‚
200 2991 270 3049 Jia
282 2984 405 3050 stato
433 2980 640 3048 ammeffo
671 2997 760 3050 per
796 2987 967 3035 motivo
998 2985 1124 3033 della
1163 2988 1391 3050 predetta
1427 2982 1609 3051 osseam
1628 3016 1643 3040 ‚
1685 2981 1756 3032 cib
1787 2998 1877 3032 non

88 3054 260 3121 ostante
276 3092 290 3114 ,
311 3063 455 3104 morto
475 3056 519 3103 il
529 3055 720 3105 Dottor
746 3052 950 3118 Casayas
970 3088 983 3109 ‚
1001 3054 1050 3102 la
1069 3056 1201 3106 detta
1229 3053 1501 3119 ammtffione
1519 3053 1636 3120 resta
1660 3050 1874 3117 affoluta,

81 3123 406 3192 perchesemel
432 3121 646 3190 admtffus
644 3125 833 3189 semper
855 3120 1071 3189 admtffus
1090 3159 1104 3172 .
1153 3123 1451 3187 Appellavit
1469 3126 1529 3175 ab
1549 3126 1647 3176 hoc
1665 3122 1875 3174 decreto

85 3193 509 3259 Presbyterorum
541 3193 903 3246 Communitas
936 3194 994 3242 ad
1028 3191 1277 3245 Tribunal
1327 3191 1398 3244 A.
1431 3194 1496 3245 G.
1521 3227 1536 3251 ‚
1572 3208 1600 3245 a
1641 3206 1742 3256 quo
1784 3206 1878 3240 an-

83 3277 155 3314 no
182 3279 330 3330 1753·
350 3272 644 3314 revocatum
664 3257 827 3320 fuit‚&
847 3259 1126 3314 relaxatum
1164 3260 1458 3314 mandatum
1483 3261 1543 3313 de
1584 3259 1878 3313 amovendo

83 3330 228 3384 Riera
278 3349 305 3383 a
359 3330 745 3383 Communitate
786 3330 1198 3395 Participautium
1251 3349 1264 3385 ε
1299 3334 1395 3383 hoc
1428 3332 1724 3382 mandatum
1760 3343 1882 3378 exe-

87 3413 300 3464 quuturn
320 3398 416 3454 fuit
437 3436 451 3451 .
469 3400 582 3453 Post
595 3414 783 3453 annum
801 3414 973 3464 preces
992 3400 1181 3454 obtulit
1220 3401 1367 3454 Riera
1388 3400 1536 3451 Sacro
1557 3400 1671 3451 huic
1688 3395 1882 3450 Tribu-

85 3468 287 3532 nali‚in
307 3469 485 3537 quibus
511 3504 526 3526 ‚
559 3469 875 3535 praetermissa
914 3473 1183 3524 mentione
1220 3467 1619 3527 reiJudicatae‚&
1660 3483 1885 3532 exequu-

86 3538 240 3590 tionis
273 3537 495 3592 mandati
521 3573 535 3597 ‚
570 3537 855 3605 postulabat
877 3576 894 3602 ‚
923 3550 978 3591 ut
995 3537 1503 3593 CommunitasJuris
1529 3535 1770 3590 remediis
1791 3552 1885 3588 co·

87 3619 294 3671 geretur
326 3609 385 3660 ad
420 3624 538 3661 eum
575 3607 954 3661 admittendum
983 3645 1000 3669 ,
1031 3612 1144 3675 quia
1179 3607 1594 3672 participantium
1635 3620 1878 3657 numerus

85 3677 369 3746 completus
389 3693 492 3746 nou
507 3678 625 3751 elset
648 3712 665 3743 ‚
698 3694 816 3751 cun}
832 3680 912 3751 ij
934 3676 1089 3753 client
1109 3690 1261 3749 quatu
1273 3677 1502 3751 ordecim
1522 3714 1538 3752 ς
1568 3676 1667 3748 Qie
1689 3692 1772 3742 ες.
1799 3674 1887 3749 Jass.

682 3762 684 3764 ’
1733 3757 1889 3798 uuam
