<?xml version="1.0" encoding="UTF-8"?>
<!DOCTYPE html PUBLIC "-//W3C//DTD XHTML 1.0 Transitional//EN"
    "http://www.w3.org/TR/xhtml1/DTD/xhtml1-transitional.dtd">
<html xmlns="http://www.w3.org/1999/xhtml" xml:lang="en" lang="en">
 <head>
  <title>
</title>
<meta http-equiv="Content-Type" content="text/html;charset=utf-8" />
  <meta name='ocr-system' content='tesseract 3.04.00' />
  <meta name='ocr-capabilities' content='ocr_page ocr_carea ocr_par ocr_line ocrx_word'/>
</head>
<body>
  <div class='ocr_page' id='page_1' title='image "./thesaurusresolut22cath_0337.png"; bbox 0 0 2571 3961; ppageno 0'>
   <div class='ocr_carea' id='block_1_1' title="bbox 45 215 2255 2010">
    <p class='ocr_par' dir='ltr' id='par_1_1' title="bbox 45 215 2255 2010">
     <span class='ocr_line' id='line_1_1' title="bbox 204 215 2255 330; baseline -0.005 -8"><span class='ocrx_word' id='word_1_1' title='bbox 204 267 478 323; x_wconf 85' lang='lat' dir='ltr'><strong>RIOLEN:</strong></span> <span class='ocrx_word' id='word_1_2' title='bbox 500 266 630 321; x_wconf 82' lang='lat' dir='ltr'><strong>Data</strong></span> <span class='ocrx_word' id='word_1_3' title='bbox 656 264 751 320; x_wconf 87' lang='lat' dir='ltr'><strong>fuit</strong></span> <span class='ocrx_word' id='word_1_4' title='bbox 778 267 1002 330; x_wconf 78' lang='lat' dir='ltr'><strong>primum</strong></span> <span class='ocrx_word' id='word_1_5' title='bbox 1020 269 1121 318; x_wconf 83' lang='lat' dir='ltr'><strong>haec</strong></span> <span class='ocrx_word' id='word_1_6' title='bbox 1139 261 1300 318; x_wconf 84' lang='lat' dir='ltr'>Causa</span> <span class='ocrx_word' id='word_1_7' title='bbox 1323 262 1373 314; x_wconf 84' lang='lat' dir='ltr'><strong>in</strong></span> <span class='ocrx_word' id='word_1_8' title='bbox 1392 264 1519 315; x_wconf 80' lang='lat' dir='ltr'><strong>Folio</strong></span> <span class='ocrx_word' id='word_1_9' title='bbox 1545 215 1934 330; x_wconf 47' lang='lat' dir='ltr'><strong>Congregatiouig</strong></span> <span class='ocrx_word' id='word_1_10' title='bbox 1983 263 2255 313; x_wconf 77' lang='lat' dir='ltr'><strong>seff.24.e.12.</strong></span> 
     </span>
     <span class='ocr_line' id='line_1_2' title="bbox 233 318 2107 405; baseline -0.005 -13"><span class='ocrx_word' id='word_1_11' title='bbox 233 340 408 392; x_wconf 77' lang='lat' dir='ltr'><strong>habitae</strong></span> <span class='ocrx_word' id='word_1_12' title='bbox 425 343 499 389; x_wconf 84' lang='lat' dir='ltr'><strong>die</strong></span> <span class='ocrx_word' id='word_1_13' title='bbox 527 359 544 390; x_wconf 92' lang='lat'>1</span> <span class='ocrx_word' id='word_1_14' title='bbox 560 356 605 404; x_wconf 89' lang='lat'><strong>7.</strong></span> <span class='ocrx_word' id='word_1_15' title='bbox 635 338 870 405; x_wconf 78' lang='lat' dir='ltr'><strong>‘Januarii</strong></span> <span class='ocrx_word' id='word_1_16' title='bbox 885 340 1032 404; x_wconf 77' lang='lat' dir='ltr'><em>hujus</em></span> <span class='ocrx_word' id='word_1_17' title='bbox 1056 341 1174 387; x_wconf 68' lang='lat' dir='ltr'><strong>anm·</strong></span> <span class='ocrx_word' id='word_1_18' title='bbox 1198 371 1212 394; x_wconf 85' lang='lat'>‚</span> <span class='ocrx_word' id='word_1_19' title='bbox 1249 334 1326 385; x_wconf 80' lang='lat' dir='ltr'><strong>sed</strong></span> <span class='ocrx_word' id='word_1_20' title='bbox 1345 334 1448 397; x_wconf 86' lang='lat' dir='ltr'><strong>ejus</strong></span> <span class='ocrx_word' id='word_1_21' title='bbox 1467 332 1700 384; x_wconf 77' lang='lat' dir='ltr'><strong>definitio</strong></span> <span class='ocrx_word' id='word_1_22' title='bbox 1737 334 1927 388; x_wconf 62' lang='lat' dir='ltr'><strong>dilata-2</strong></span> <span class='ocrx_word' id='word_1_23' title='bbox 1979 318 2107 390; x_wconf 41' lang='lat' dir='ltr'><strong>deral-</strong></span> 
     </span>
     <span class='ocr_line' id='line_1_3' title="bbox 133 400 1925 471; baseline -0.004 -8"><span class='ocrx_word' id='word_1_24' title='bbox 133 407 229 463; x_wconf 89' lang='lat' dir='ltr'><strong>fuit</strong></span> <span class='ocrx_word' id='word_1_25' title='bbox 249 448 264 462; x_wconf 90' lang='lat'><strong>.</strong></span> <span class='ocrx_word' id='word_1_26' title='bbox 288 409 537 461; x_wconf 81' lang='lat' dir='ltr'>Dedimus</span> <span class='ocrx_word' id='word_1_27' title='bbox 561 424 676 460; x_wconf 81' lang='lat' dir='ltr'><strong>eam</strong></span> <span class='ocrx_word' id='word_1_28' title='bbox 703 409 893 460; x_wconf 85' lang='lat' dir='ltr'><strong>iterum</strong></span> <span class='ocrx_word' id='word_1_29' title='bbox 919 407 968 457; x_wconf 84' lang='lat' dir='ltr'><strong>iu</strong></span> <span class='ocrx_word' id='word_1_30' title='bbox 991 410 1116 458; x_wconf 83' lang='lat' dir='ltr'><em>Folio</em></span> <span class='ocrx_word' id='word_1_31' title='bbox 1142 403 1541 471; x_wconf 74' lang='lat' dir='ltr'><strong>congregationis</strong></span> <span class='ocrx_word' id='word_1_32' title='bbox 1577 400 1753 454; x_wconf 77' lang='lat' dir='ltr'><strong>habitae</strong></span> <span class='ocrx_word' id='word_1_33' title='bbox 1773 407 1850 453; x_wconf 84' lang='lat' dir='ltr'><strong>die</strong></span> <span class='ocrx_word' id='word_1_34' title='bbox 1874 422 1925 464; x_wconf 88' lang='lat'><strong>7.</strong></span> 
     </span>
     <span class='ocr_line' id='line_1_4' title="bbox 130 471 1924 542; baseline -0.006 -10"><span class='ocrx_word' id='word_1_35' title='bbox 130 482 416 542; x_wconf 75' lang='lat' dir='ltr'><em>Februarii,</em></span> <span class='ocrx_word' id='word_1_36' title='bbox 444 477 488 530; x_wconf 72' lang='lat'><strong>8&lt;</strong></span> <span class='ocrx_word' id='word_1_37' title='bbox 508 477 713 530; x_wconf 79' lang='lat' dir='ltr'><strong>definita</strong></span> <span class='ocrx_word' id='word_1_38' title='bbox 737 474 834 531; x_wconf 87' lang='lat' dir='ltr'><strong>fuit</strong></span> <span class='ocrx_word' id='word_1_39' title='bbox 859 511 872 533; x_wconf 91' lang='lat'>‚</span> <span class='ocrx_word' id='word_1_40' title='bbox 895 490 1203 529; x_wconf 78' lang='lat' dir='ltr'>contumace</span> <span class='ocrx_word' id='word_1_41' title='bbox 1223 488 1393 526; x_wconf 85' lang='lat' dir='ltr'><strong>tamen</strong></span> <span class='ocrx_word' id='word_1_42' title='bbox 1415 472 1655 536; x_wconf 83' lang='lat' dir='ltr'><strong>Capitulo</strong></span> <span class='ocrx_word' id='word_1_43' title='bbox 1677 471 1924 524; x_wconf 84' lang='lat' dir='ltr'><strong>Orioleu—</strong></span> 
     </span>
     <span class='ocr_line' id='line_1_5' title="bbox 132 542 1920 609; baseline -0.005 -7"><span class='ocrx_word' id='word_1_44' title='bbox 132 551 165 601; x_wconf 85' lang='lat' dir='ltr'>fi</span> <span class='ocrx_word' id='word_1_45' title='bbox 187 585 200 608; x_wconf 91' lang='lat'>‚</span> <span class='ocrx_word' id='word_1_46' title='bbox 230 550 271 601; x_wconf 76' lang='lat' dir='ltr'><strong>St</strong></span> <span class='ocrx_word' id='word_1_47' title='bbox 298 545 472 602; x_wconf 79' lang='lat' dir='ltr'><strong>frustra</strong></span> <span class='ocrx_word' id='word_1_48' title='bbox 507 547 774 601; x_wconf 85' lang='lat' dir='ltr'><strong>secundam</strong></span> <span class='ocrx_word' id='word_1_49' title='bbox 814 544 1111 598; x_wconf 86' lang='lat' dir='ltr'><strong>dilationem</strong></span> <span class='ocrx_word' id='word_1_50' title='bbox 1141 543 1423 607; x_wconf 85' lang='lat' dir='ltr'><strong>postulante</strong></span> <span class='ocrx_word' id='word_1_51' title='bbox 1440 578 1454 592; x_wconf 89' lang='lat'>.</span> <span class='ocrx_word' id='word_1_52' title='bbox 1492 542 1733 609; x_wconf 77' lang='lat' dir='ltr'><strong>Quinque</strong></span> <span class='ocrx_word' id='word_1_53' title='bbox 1771 555 1920 594; x_wconf 83' lang='lat' dir='ltr'><strong>eraut</strong></span> 
     </span>
     <span class='ocr_line' id='line_1_6' title="bbox 132 613 1921 683; baseline -0.004 -13"><span class='ocrx_word' id='word_1_54' title='bbox 132 619 236 683; x_wconf 83' lang='lat' dir='ltr'><strong>ejus</strong></span> <span class='ocrx_word' id='word_1_55' title='bbox 258 618 420 670; x_wconf 83' lang='lat' dir='ltr'><strong>Dubia</strong></span> <span class='ocrx_word' id='word_1_56' title='bbox 438 655 451 668; x_wconf 93' lang='lat'><strong>.</strong></span> <span class='ocrx_word' id='word_1_57' title='bbox 472 619 507 670; x_wconf 86' lang='grc' dir='ltr'><strong>Ι.</strong></span> <span class='ocrx_word' id='word_1_58' title='bbox 528 616 612 666; x_wconf 67' lang='lat' dir='ltr'><strong>Aa</strong></span> <span class='ocrx_word' id='word_1_59' title='bbox 627 617 910 683; x_wconf 71' lang='lat' dir='ltr'><strong>Dignitates</strong></span> <span class='ocrx_word' id='word_1_60' title='bbox 927 650 941 674; x_wconf 95' lang='lat'>‚</span> <span class='ocrx_word' id='word_1_61' title='bbox 974 619 1036 672; x_wconf 63' lang='lat' dir='ltr'><strong>&amp;a</strong></span> <span class='ocrx_word' id='word_1_62' title='bbox 1057 614 1278 664; x_wconf 66' lang='lat' dir='ltr'><strong>Canania-i</strong></span> <span class='ocrx_word' id='word_1_63' title='bbox 1311 613 1618 663; x_wconf 80' lang='lat' dir='ltr'><strong>Praebendati</strong></span> <span class='ocrx_word' id='word_1_64' title='bbox 1662 625 1921 663; x_wconf 75' lang='lat' dir='ltr'><strong>teneantur</strong></span> 
     </span>
     <span class='ocr_line' id='line_1_7' title="bbox 134 681 1920 754; baseline -0.006 -14"><span class='ocrx_word' id='word_1_65' title='bbox 134 692 173 740; x_wconf 71' lang='lat' dir='ltr'><em>S</em></span> <span class='ocrx_word' id='word_1_66' title='bbox 178 707 312 739; x_wconf 79' lang='lat' dir='ltr'><strong>aeros</strong></span> <span class='ocrx_word' id='word_1_67' title='bbox 331 689 534 745; x_wconf 77' lang='lat' dir='ltr'><em>Ordines</em></span> <span class='ocrx_word' id='word_1_68' title='bbox 551 685 929 754; x_wconf 72' lang='lat' dir='ltr'><strong>affumerejuxea</strong></span> <span class='ocrx_word' id='word_1_69' title='bbox 963 685 1224 734; x_wconf 73' lang='lat' dir='ltr'><em>Decrecm</em></span> <span class='ocrx_word' id='word_1_70' title='bbox 1241 682 1300 731; x_wconf 80' lang='lat' dir='ltr'><strong>ab</strong></span> <span class='ocrx_word' id='word_1_71' title='bbox 1324 681 1539 748; x_wconf 79' lang='lat' dir='ltr'><em>Episcopo</em></span> <span class='ocrx_word' id='word_1_72' title='bbox 1566 685 1920 748; x_wconf 74' lang='lat' dir='ltr'><strong>promulgatam</strong></span> 
     </span>
     <span class='ocr_line' id='line_1_8' title="bbox 130 751 1917 820; baseline -0.005 -11"><span class='ocrx_word' id='word_1_73' title='bbox 130 763 210 810; x_wconf 80' lang='lat' dir='ltr'><strong>die</strong></span> <span class='ocrx_word' id='word_1_74' title='bbox 229 765 280 811; x_wconf 91' lang='grc'><strong>6.</strong></span> <span class='ocrx_word' id='word_1_75' title='bbox 301 757 578 808; x_wconf 80' lang='lat' dir='ltr'><em>Decembris</em></span> <span class='ocrx_word' id='word_1_76' title='bbox 617 777 633 809; x_wconf 91' lang='lat'>1</span> <span class='ocrx_word' id='word_1_77' title='bbox 647 773 765 819; x_wconf 89' lang='grc'>749.</span> <span class='ocrx_word' id='word_1_78' title='bbox 787 759 805 804; x_wconf 79' lang='grc' dir='ltr'><strong><em>ἓ</em></strong></span> <span class='ocrx_word' id='word_1_79' title='bbox 835 755 899 805; x_wconf 84' lang='grc' dir='ltr'><strong>Π.</strong></span> <span class='ocrx_word' id='word_1_80' title='bbox 936 754 1021 805; x_wconf 73' lang='lat' dir='ltr'><strong>An</strong></span> <span class='ocrx_word' id='word_1_81' title='bbox 1039 754 1181 801; x_wconf 78' lang='lat' dir='ltr'><em>iidem</em></span> <span class='ocrx_word' id='word_1_82' title='bbox 1202 765 1463 803; x_wconf 77' lang='lat' dir='ltr'><strong>teneantur</strong></span> <span class='ocrx_word' id='word_1_83' title='bbox 1480 751 1668 820; x_wconf 79' lang='lat' dir='ltr'><strong>affistere</strong></span> <span class='ocrx_word' id='word_1_84' title='bbox 1702 755 1917 818; x_wconf 61' lang='lat' dir='ltr'><strong>Epffcopo</strong></span> 
     </span>
     <span class='ocr_line' id='line_1_9' title="bbox 129 822 1915 890; baseline -0.005 -12"><span class='ocrx_word' id='word_1_85' title='bbox 129 828 482 890; x_wconf 69' lang='lat' dir='ltr'><strong>Pontfficalicer</strong></span> <span class='ocrx_word' id='word_1_86' title='bbox 498 826 766 876; x_wconf 80' lang='lat' dir='ltr'><em>celebranti</em></span> <span class='ocrx_word' id='word_1_87' title='bbox 784 828 804 875; x_wconf 77' lang='grc' dir='ltr'><strong><em>ἓ</em></strong></span> <span class='ocrx_word' id='word_1_88' title='bbox 836 824 918 875; x_wconf 87' lang='grc' dir='ltr'><strong>ΠΙ.</strong></span> <span class='ocrx_word' id='word_1_89' title='bbox 935 824 1222 886; x_wconf 79' lang='lat' dir='ltr'><strong>Artstmilem</strong></span> <span class='ocrx_word' id='word_1_90' title='bbox 1238 822 1527 885; x_wconf 79' lang='lat' dir='ltr'><strong>affislentiam</strong></span> <span class='ocrx_word' id='word_1_91' title='bbox 1543 823 1743 871; x_wconf 82' lang='lat' dir='ltr'><strong>debeant</strong></span> <span class='ocrx_word' id='word_1_92' title='bbox 1775 824 1915 870; x_wconf 82' lang='lat' dir='ltr'><strong>exhi-</strong></span> 
     </span>
     <span class='ocr_line' id='line_1_10' title="bbox 126 892 1914 962; baseline -0.003 -16"><span class='ocrx_word' id='word_1_93' title='bbox 126 901 234 949; x_wconf 82' lang='lat' dir='ltr'><strong>here</strong></span> <span class='ocrx_word' id='word_1_94' title='bbox 251 910 451 962; x_wconf 82' lang='lat' dir='ltr'><strong>tempore</strong></span> <span class='ocrx_word' id='word_1_95' title='bbox 467 927 481 950; x_wconf 87' lang='lat'><em>‚</em></span> <span class='ocrx_word' id='word_1_96' title='bbox 511 912 599 960; x_wconf 81' lang='lat' dir='ltr'><strong>quo</strong></span> <span class='ocrx_word' id='word_1_97' title='bbox 618 897 770 943; x_wconf 79' lang='lat' dir='ltr'><strong>eodem</strong></span> <span class='ocrx_word' id='word_1_98' title='bbox 791 893 1007 960; x_wconf 75' lang='lat' dir='ltr'><em>Episcopo</em></span> <span class='ocrx_word' id='word_1_99' title='bbox 1050 892 1355 954; x_wconf 63' lang='lat' dir='ltr'><strong>Pone-{ficulla</strong></span> <span class='ocrx_word' id='word_1_100' title='bbox 1376 904 1551 956; x_wconf 83' lang='lat' dir='ltr'><em>agente</em></span> <span class='ocrx_word' id='word_1_101' title='bbox 1568 924 1582 949; x_wconf 89' lang='lat'>,</span> <span class='ocrx_word' id='word_1_102' title='bbox 1620 893 1716 956; x_wconf 68' lang='lat' dir='ltr'><strong>ipse</strong></span> <span class='ocrx_word' id='word_1_103' title='bbox 1731 892 1914 955; x_wconf 84' lang='lat' dir='ltr'><strong>sermo-</strong></span> 
     </span>
     <span class='ocr_line' id='line_1_11' title="bbox 127 962 1911 1030; baseline -0.006 -11"><span class='ocrx_word' id='word_1_104' title='bbox 127 985 231 1019; x_wconf 83' lang='lat' dir='ltr'><strong>nem</strong></span> <span class='ocrx_word' id='word_1_105' title='bbox 249 969 390 1016; x_wconf 73' lang='lat' dir='ltr'><strong>habet</strong></span> <span class='ocrx_word' id='word_1_106' title='bbox 403 967 468 1013; x_wconf 87' lang='lat' dir='ltr'><strong>ad</strong></span> <span class='ocrx_word' id='word_1_107' title='bbox 484 965 714 1030; x_wconf 78' lang='lat' dir='ltr'><em>Populum</em></span> <span class='ocrx_word' id='word_1_108' title='bbox 733 1002 747 1026; x_wconf 84' lang='lat'>‚</span> <span class='ocrx_word' id='word_1_109' title='bbox 765 965 846 1017; x_wconf 80' lang='lat' dir='ltr'><strong>vel</strong></span> <span class='ocrx_word' id='word_1_110' title='bbox 856 971 1015 1030; x_wconf 72' lang='lat' dir='ltr'><strong>potius</strong></span> <span class='ocrx_word' id='word_1_111' title='bbox 1035 966 1235 1011; x_wconf 76' lang='lat' dir='ltr'><strong>valeant</strong></span> <span class='ocrx_word' id='word_1_112' title='bbox 1255 966 1317 1012; x_wconf 80' lang='lat' dir='ltr'><strong>ad</strong></span> <span class='ocrx_word' id='word_1_113' title='bbox 1334 962 1535 1013; x_wconf 76' lang='lat' dir='ltr'><strong>libitum</strong></span> <span class='ocrx_word' id='word_1_114' title='bbox 1556 980 1579 1010; x_wconf 88' lang='lat' dir='ltr'><strong>e</strong></span> <span class='ocrx_word' id='word_1_115' title='bbox 1611 964 1740 1011; x_wconf 74' lang='lat' dir='ltr'><em>choro</em></span> <span class='ocrx_word' id='word_1_116' title='bbox 1761 963 1911 1024; x_wconf 61' lang='lat' dir='ltr'><em>dffce-</em></span> 
     </span>
     <span class='ocr_line' id='line_1_12' title="bbox 126 1032 1911 1100; baseline -0.004 -14"><span class='ocrx_word' id='word_1_117' title='bbox 126 1041 232 1089; x_wconf 87' lang='lat' dir='ltr'><strong>dere</strong></span> <span class='ocrx_word' id='word_1_118' title='bbox 252 1040 271 1086; x_wconf 87' lang='lat'>?</span> <span class='ocrx_word' id='word_1_119' title='bbox 289 1034 376 1084; x_wconf 89' lang='lat' dir='ltr'><strong>lV.</strong></span> <span class='ocrx_word' id='word_1_120' title='bbox 393 1033 475 1084; x_wconf 61' lang='lat' dir='ltr'><strong>Are</strong></span> <span class='ocrx_word' id='word_1_121' title='bbox 492 1051 583 1084; x_wconf 79' lang='lat' dir='ltr'><strong>non</strong></span> <span class='ocrx_word' id='word_1_122' title='bbox 596 1041 797 1100; x_wconf 77' lang='lat' dir='ltr'><strong>promoti</strong></span> <span class='ocrx_word' id='word_1_123' title='bbox 810 1038 873 1084; x_wconf 82' lang='lat' dir='ltr'><strong>ad</strong></span> <span class='ocrx_word' id='word_1_124' title='bbox 889 1037 1099 1085; x_wconf 77' lang='lat' dir='ltr'><em>Ordines</em></span> <span class='ocrx_word' id='word_1_125' title='bbox 1133 1034 1310 1081; x_wconf 69' lang='lat' dir='ltr'><strong>Sacros</strong></span> <span class='ocrx_word' id='word_1_126' title='bbox 1329 1053 1355 1082; x_wconf 82' lang='lat' dir='ltr'><strong>a</strong></span> <span class='ocrx_word' id='word_1_127' title='bbox 1398 1049 1487 1097; x_wconf 76' lang='lat' dir='ltr'><strong>quo</strong></span> <span class='ocrx_word' id='word_1_128' title='bbox 1517 1044 1720 1095; x_wconf 77' lang='lat' dir='ltr'><strong>tempore</strong></span> <span class='ocrx_word' id='word_1_129' title='bbox 1738 1032 1911 1095; x_wconf 63' lang='lat' dir='ltr'><strong>amffe-</strong></span> 
     </span>
     <span class='ocr_line' id='line_1_13' title="bbox 121 1100 1905 1168; baseline -0.001 -14"><span class='ocrx_word' id='word_1_130' title='bbox 121 1111 230 1158; x_wconf 78' lang='lat' dir='ltr'><strong>rint</strong></span> <span class='ocrx_word' id='word_1_131' title='bbox 242 1105 439 1166; x_wconf 62' lang='lat' dir='ltr'><em>frufflus</em></span> <span class='ocrx_word' id='word_1_132' title='bbox 455 1104 781 1155; x_wconf 74' lang='lat' dir='ltr'><strong>Canom&#39;cacus</strong></span> <span class='ocrx_word' id='word_1_133' title='bbox 802 1143 815 1167; x_wconf 86' lang='lat'>,</span> <span class='ocrx_word' id='word_1_134' title='bbox 841 1107 903 1161; x_wconf 63' lang='lat' dir='ltr'><strong>&amp;a</strong></span> <span class='ocrx_word' id='word_1_135' title='bbox 933 1108 1015 1154; x_wconf 79' lang='lat' dir='ltr'><strong>cui</strong></span> <span class='ocrx_word' id='word_1_136' title='bbox 1035 1105 1232 1152; x_wconf 74' lang='lat' dir='ltr'><strong>debeam·</strong></span> <span class='ocrx_word' id='word_1_137' title='bbox 1253 1104 1337 1152; x_wconf 68' lang='lat' dir='ltr'><strong>ille·</strong></span> <span class='ocrx_word' id='word_1_138' title='bbox 1353 1104 1626 1168; x_wconf 81' lang='lat' dir='ltr'><strong>applicari?</strong></span> <span class='ocrx_word' id='word_1_139' title='bbox 1650 1100 1716 1150; x_wconf 90' lang='lat' dir='ltr'><strong>V.</strong></span> <span class='ocrx_word' id='word_1_140' title='bbox 1737 1100 1905 1162; x_wconf 53' lang='lat' dir='ltr'><strong>Am&amp;</strong></span> 
     </span>
     <span class='ocr_line' id='line_1_14' title="bbox 119 1172 1905 1241; baseline -0.006 -17"><span class='ocrx_word' id='word_1_141' title='bbox 119 1195 148 1224; x_wconf 85' lang='lat' dir='ltr'><strong>a</strong></span> <span class='ocrx_word' id='word_1_142' title='bbox 168 1193 258 1241; x_wconf 76' lang='lat' dir='ltr'><strong>quo</strong></span> <span class='ocrx_word' id='word_1_143' title='bbox 275 1176 477 1225; x_wconf 75' lang='lat' dir='ltr'><strong>debeant</strong></span> <span class='ocrx_word' id='word_1_144' title='bbox 497 1175 856 1239; x_wconf 78' lang='lat' dir='ltr'><strong>reficisumptus</strong></span> <span class='ocrx_word' id='word_1_145' title='bbox 877 1175 1294 1239; x_wconf 73' lang='lat' dir='ltr'><strong>transportatt‘onis·</strong></span> <span class='ocrx_word' id='word_1_146' title='bbox 1315 1203 1332 1229; x_wconf 91' lang='lat'><strong>,</strong></span> <span class='ocrx_word' id='word_1_147' title='bbox 1348 1177 1409 1228; x_wconf 66' lang='grc' dir='ltr'><strong>ὠ·</strong></span> <span class='ocrx_word' id='word_1_148' title='bbox 1425 1172 1745 1221; x_wconf 69' lang='grc' dir='ltr'><strong>ιναᾱιιὲῖὶοκίς</strong></span> <span class='ocrx_word' id='word_1_149' title='bbox 1758 1172 1905 1235; x_wconf 82' lang='lat' dir='ltr'><em>scri-</em></span> 
     </span>
     <span class='ocr_line' id='line_1_15' title="bbox 110 1239 1904 1312; baseline -0.003 -18"><span class='ocrx_word' id='word_1_150' title='bbox 110 1259 370 1312; x_wconf 77' lang='lat' dir='ltr'><strong>pturarum</strong></span> <span class='ocrx_word' id='word_1_151' title='bbox 389 1245 445 1292; x_wconf 81' lang='lat' dir='ltr'><strong>in</strong></span> <span class='ocrx_word' id='word_1_152' title='bbox 462 1243 577 1305; x_wconf 63' lang='lat' dir='ltr'><strong>castr</strong></span> <span class='ocrx_word' id='word_1_153' title='bbox 599 1245 705 1298; x_wconf 60' lang='lat' dir='ltr'><strong>&amp;a</strong></span> <span class='ocrx_word' id='word_1_154' title='bbox 725 1242 815 1294; x_wconf 82' lang='lat' dir='ltr'><strong>His</strong></span> <span class='ocrx_word' id='word_1_155' title='bbox 844 1239 1094 1306; x_wconf 80' lang='lat' dir='ltr'><strong>respondit</strong></span> <span class='ocrx_word' id='word_1_156' title='bbox 1115 1242 1322 1294; x_wconf 80' lang='lat' dir='ltr'><strong>Sacrum</strong></span> <span class='ocrx_word' id='word_1_157' title='bbox 1346 1240 1593 1294; x_wconf 80' lang='lat' dir='ltr'><strong>Tribunal</strong></span> <span class='ocrx_word' id='word_1_158' title='bbox 1616 1240 1750 1290; x_wconf 85' lang='lat' dir='ltr'><strong>Adl.</strong></span> <span class='ocrx_word' id='word_1_159' title='bbox 1773 1240 1904 1305; x_wconf 86' lang='lat' dir='ltr'><strong>affir-</strong></span> 
     </span>
     <span class='ocr_line' id='line_1_16' title="bbox 119 1312 1901 1378; baseline -0.003 -13"><span class='ocrx_word' id='word_1_160' title='bbox 119 1313 307 1365; x_wconf 73' lang='lat' dir='ltr'><strong>mative?</strong></span> <span class='ocrx_word' id='word_1_161' title='bbox 325 1333 336 1367; x_wconf 86' lang='lat'>:</span> <span class='ocrx_word' id='word_1_162' title='bbox 357 1315 440 1363; x_wconf 76' lang='lat' dir='ltr'><strong>Ad</strong></span> <span class='ocrx_word' id='word_1_163' title='bbox 461 1313 516 1363; x_wconf 89' lang='lat' dir='ltr'><strong>ll.</strong></span> <span class='ocrx_word' id='word_1_164' title='bbox 540 1312 831 1378; x_wconf 69' lang='lat' dir='ltr'><strong>affirmative</strong></span> <span class='ocrx_word' id='word_1_165' title='bbox 855 1350 868 1364; x_wconf 86' lang='lat'><em>.</em></span> <span class='ocrx_word' id='word_1_166' title='bbox 898 1314 973 1362; x_wconf 80' lang='lat' dir='ltr'><strong>Ad</strong></span> <span class='ocrx_word' id='word_1_167' title='bbox 990 1314 1074 1364; x_wconf 78' lang='grc' dir='ltr'><strong>ΙΙΙ.</strong></span> <span class='ocrx_word' id='word_1_168' title='bbox 1095 1314 1383 1377; x_wconf 67' lang='lat' dir='ltr'><strong>affirmative&gt;</strong></span> <span class='ocrx_word' id='word_1_169' title='bbox 1400 1313 1678 1374; x_wconf 80' lang='lat' dir='ltr'><strong>adprimam</strong></span> <span class='ocrx_word' id='word_1_170' title='bbox 1691 1323 1901 1375; x_wconf 83' lang='lat' dir='ltr'><strong>partem,</strong></span> 
     </span>
     <span class='ocr_line' id='line_1_17' title="bbox 118 1381 1900 1450; baseline -0.003 -16"><span class='ocrx_word' id='word_1_171' title='bbox 118 1389 180 1440; x_wconf 64' lang='grc' dir='ltr'><strong>εξ»</strong></span> <span class='ocrx_word' id='word_1_172' title='bbox 199 1384 419 1450; x_wconf 66' lang='lat' dir='ltr'><strong>negative</strong></span> <span class='ocrx_word' id='word_1_173' title='bbox 438 1386 499 1432; x_wconf 83' lang='lat' dir='ltr'><strong>ad</strong></span> <span class='ocrx_word' id='word_1_174' title='bbox 499 1384 761 1448; x_wconf 78' lang='lat' dir='ltr'><strong>secundam</strong></span> <span class='ocrx_word' id='word_1_175' title='bbox 779 1399 792 1432; x_wconf 88' lang='grc'>;</span> <span class='ocrx_word' id='word_1_176' title='bbox 825 1383 911 1433; x_wconf 81' lang='lat' dir='ltr'><strong>Ad</strong></span> <span class='ocrx_word' id='word_1_177' title='bbox 924 1383 1011 1434; x_wconf 82' lang='lat' dir='ltr'><strong>IV.</strong></span> <span class='ocrx_word' id='word_1_178' title='bbox 1032 1381 1314 1448; x_wconf 63' lang='lat' dir='ltr'><strong>affirmative*</strong></span> <span class='ocrx_word' id='word_1_179' title='bbox 1332 1403 1359 1432; x_wconf 86' lang='lat' dir='ltr'><strong>a</strong></span> <span class='ocrx_word' id='word_1_180' title='bbox 1378 1385 1453 1431; x_wconf 81' lang='lat' dir='ltr'><strong>die</strong></span> <span class='ocrx_word' id='word_1_181' title='bbox 1471 1383 1650 1430; x_wconf 80' lang='lat' dir='ltr'><em>decreti</em></span> <span class='ocrx_word' id='word_1_182' title='bbox 1686 1381 1900 1447; x_wconf 62' lang='lat' dir='ltr'><strong>Episcopi</strong></span> 
     </span>
     <span class='ocr_line' id='line_1_18' title="bbox 116 1449 1906 1520; baseline -0.001 -18"><span class='ocrx_word' id='word_1_183' title='bbox 116 1456 390 1517; x_wconf 81' lang='lat' dir='ltr'><strong>adformam</strong></span> <span class='ocrx_word' id='word_1_184' title='bbox 411 1455 700 1510; x_wconf 49' lang='lat' dir='ltr'><strong>Concilih&amp;</strong></span> <span class='ocrx_word' id='word_1_185' title='bbox 726 1452 810 1520; x_wconf 85' lang='lat' dir='ltr'><strong>effe</strong></span> <span class='ocrx_word' id='word_1_186' title='bbox 830 1456 1125 1519; x_wconf 75' lang='lat' dir='ltr'><strong>applicandos</strong></span> <span class='ocrx_word' id='word_1_187' title='bbox 1146 1453 1352 1502; x_wconf 80' lang='lat' dir='ltr'><strong>Fabricae</strong></span> <span class='ocrx_word' id='word_1_188' title='bbox 1369 1452 1576 1510; x_wconf 77' lang='lat' dir='ltr'><strong>Ecclefiae</strong></span> <span class='ocrx_word' id='word_1_189' title='bbox 1599 1483 1616 1501; x_wconf 88' lang='grc'><strong>.</strong></span> <span class='ocrx_word' id='word_1_190' title='bbox 1636 1449 1715 1499; x_wconf 77' lang='lat' dir='ltr'><strong>Ad</strong></span> <span class='ocrx_word' id='word_1_191' title='bbox 1735 1450 1906 1500; x_wconf 84' lang='lat' dir='ltr'><strong>V.Re-</strong></span> 
     </span>
     <span class='ocr_line' id='line_1_19' title="bbox 103 1519 1905 1592; baseline -0.001 -20"><span class='ocrx_word' id='word_1_192' title='bbox 103 1526 337 1588; x_wconf 84' lang='lat' dir='ltr'><strong>ficiendos</strong></span> <span class='ocrx_word' id='word_1_193' title='bbox 354 1522 483 1592; x_wconf 78' lang='lat' dir='ltr'><strong>effect</strong></span> <span class='ocrx_word' id='word_1_194' title='bbox 502 1524 711 1589; x_wconf 70' lang='lat' dir='ltr'><strong>Sat-rista</strong></span> <span class='ocrx_word' id='word_1_195' title='bbox 729 1560 742 1573; x_wconf 94' lang='lat'><strong>.</strong></span> <span class='ocrx_word' id='word_1_196' title='bbox 780 1520 890 1573; x_wconf 88' lang='lat' dir='ltr'><strong>Post</strong></span> <span class='ocrx_word' id='word_1_197' title='bbox 930 1527 1057 1574; x_wconf 80' lang='lat' dir='ltr'><strong>hanc</strong></span> <span class='ocrx_word' id='word_1_198' title='bbox 1096 1520 1448 1572; x_wconf 78' lang='lat' dir='ltr'><strong>definitionem</strong></span> <span class='ocrx_word' id='word_1_199' title='bbox 1489 1519 1724 1570; x_wconf 87' lang='lat' dir='ltr'><strong>dedimus</strong></span> <span class='ocrx_word' id='word_1_200' title='bbox 1746 1520 1905 1571; x_wconf 88' lang='lat' dir='ltr'><strong>tertio</strong></span> 
     </span>
     <span class='ocr_line' id='line_1_20' title="bbox 116 1589 1909 1659; baseline -0.004 -15"><span class='ocrx_word' id='word_1_201' title='bbox 116 1595 348 1646; x_wconf 74' lang='lat' dir='ltr'><strong>eamdem</strong></span> <span class='ocrx_word' id='word_1_202' title='bbox 373 1589 580 1646; x_wconf 80' lang='lat' dir='ltr'><strong>Causam</strong></span> <span class='ocrx_word' id='word_1_203' title='bbox 604 1597 661 1642; x_wconf 77' lang='lat' dir='ltr'><strong>in</strong></span> <span class='ocrx_word' id='word_1_204' title='bbox 683 1595 805 1643; x_wconf 85' lang='lat' dir='ltr'><strong>Folio</strong></span> <span class='ocrx_word' id='word_1_205' title='bbox 842 1591 1234 1659; x_wconf 74' lang='lat' dir='ltr'><strong>Congregacionis</strong></span> <span class='ocrx_word' id='word_1_206' title='bbox 1265 1591 1440 1642; x_wconf 80' lang='lat' dir='ltr'><strong>habitae</strong></span> <span class='ocrx_word' id='word_1_207' title='bbox 1457 1591 1537 1640; x_wconf 80' lang='lat' dir='ltr'><strong>die</strong></span> <span class='ocrx_word' id='word_1_208' title='bbox 1565 1606 1648 1639; x_wconf 79' lang='lat'><strong>20.</strong></span> <span class='ocrx_word' id='word_1_209' title='bbox 1682 1591 1872 1641; x_wconf 80' lang='lat' dir='ltr'><strong>Martii</strong></span> <span class='ocrx_word' id='word_1_210' title='bbox 1891 1623 1909 1648; x_wconf 88' lang='lat'><strong><em>‚</em></strong></span> 
     </span>
     <span class='ocr_line' id='line_1_21' title="bbox 115 1659 1904 1727; baseline -0.004 -13"><span class='ocrx_word' id='word_1_211' title='bbox 115 1665 159 1714; x_wconf 74' lang='grc'><strong>8(</strong></span> <span class='ocrx_word' id='word_1_212' title='bbox 184 1659 490 1714; x_wconf 80' lang='lat' dir='ltr'><strong>Eminentiffi</strong></span> <span class='ocrx_word' id='word_1_213' title='bbox 501 1663 569 1712; x_wconf 86' lang='lat' dir='ltr'><strong>mi</strong></span> <span class='ocrx_word' id='word_1_214' title='bbox 591 1663 764 1715; x_wconf 84' lang='lat' dir='ltr'><strong>Patres</strong></span> <span class='ocrx_word' id='word_1_215' title='bbox 801 1662 1154 1727; x_wconf 77' lang='lat' dir='ltr'><strong>relcripsetunt</strong></span> <span class='ocrx_word' id='word_1_216' title='bbox 1174 1698 1187 1712; x_wconf 94' lang='lat'>.</span> <span class='ocrx_word' id='word_1_217' title='bbox 1231 1662 1403 1712; x_wconf 79' lang='lat' dir='ltr'><em>Dilata</em></span> <span class='ocrx_word' id='word_1_218' title='bbox 1436 1663 1499 1709; x_wconf 85' lang='lat' dir='ltr'><strong>ad</strong></span> <span class='ocrx_word' id='word_1_219' title='bbox 1511 1661 1775 1725; x_wconf 82' lang='lat' dir='ltr'><strong>secundam</strong></span> <span class='ocrx_word' id='word_1_220' title='bbox 1807 1659 1904 1725; x_wconf 80' lang='lat' dir='ltr'><strong>post</strong></span> 
     </span>
     <span class='ocr_line' id='line_1_22' title="bbox 117 1730 1909 1799; baseline -0.001 -20"><span class='ocrx_word' id='word_1_221' title='bbox 117 1735 283 1799; x_wconf 78' lang='lat' dir='ltr'><em>Agnos</em></span> <span class='ocrx_word' id='word_1_222' title='bbox 299 1771 312 1784; x_wconf 86' lang='lat'><strong>.</strong></span> <span class='ocrx_word' id='word_1_223' title='bbox 331 1732 534 1784; x_wconf 78' lang='lat' dir='ltr'><strong>Oblatis</strong></span> <span class='ocrx_word' id='word_1_224' title='bbox 552 1743 725 1783; x_wconf 85' lang='lat' dir='ltr'><strong>tamen</strong></span> <span class='ocrx_word' id='word_1_225' title='bbox 751 1732 865 1783; x_wconf 84' lang='lat' dir='ltr'><strong>inde</strong></span> <span class='ocrx_word' id='word_1_226' title='bbox 882 1730 1103 1796; x_wconf 78' lang='lat' dir='ltr'><strong>Capituli</strong></span> <span class='ocrx_word' id='word_1_227' title='bbox 1126 1732 1337 1783; x_wconf 87' lang='lat' dir='ltr'><strong>nomine</strong></span> <span class='ocrx_word' id='word_1_228' title='bbox 1363 1732 1591 1793; x_wconf 65' lang='lat' dir='ltr'><strong>prectbus</strong></span> <span class='ocrx_word' id='word_1_229' title='bbox 1613 1762 1635 1789; x_wconf 81' lang='lat'><strong>,</strong></span> <span class='ocrx_word' id='word_1_230' title='bbox 1673 1745 1806 1781; x_wconf 89' lang='lat' dir='ltr'><strong>nova</strong></span> <span class='ocrx_word' id='word_1_231' title='bbox 1847 1730 1909 1779; x_wconf 83' lang='lat' dir='ltr'><strong>ab</strong></span> 
     </span>
     <span class='ocr_line' id='line_1_23' title="bbox 111 1797 1909 1866; baseline -0.002 -12"><span class='ocrx_word' id='word_1_232' title='bbox 111 1799 521 1854; x_wconf 74' lang='lat' dir='ltr'><strong>Eminentiffimis</strong></span> <span class='ocrx_word' id='word_1_233' title='bbox 548 1803 773 1854; x_wconf 79' lang='lat' dir='ltr'><strong>Patribus</strong></span> <span class='ocrx_word' id='word_1_234' title='bbox 796 1801 990 1853; x_wconf 82' lang='lat' dir='ltr'><strong>indulta</strong></span> <span class='ocrx_word' id='word_1_235' title='bbox 1013 1797 1106 1852; x_wconf 85' lang='lat' dir='ltr'><strong>fuit</strong></span> <span class='ocrx_word' id='word_1_236' title='bbox 1125 1802 1305 1852; x_wconf 83' lang='lat' dir='ltr'><strong>dilatio</strong></span> <span class='ocrx_word' id='word_1_237' title='bbox 1327 1827 1348 1851; x_wconf 81' lang='grc'><strong>.-</strong></span> <span class='ocrx_word' id='word_1_238' title='bbox 1362 1799 1526 1864; x_wconf 79' lang='lat' dir='ltr'><strong>Urget</strong></span> <span class='ocrx_word' id='word_1_239' title='bbox 1551 1814 1685 1850; x_wconf 82' lang='lat' dir='ltr'><strong>nuuc</strong></span> <span class='ocrx_word' id='word_1_240' title='bbox 1703 1799 1909 1866; x_wconf 85' lang='lat' dir='ltr'><strong>Episco-</strong></span> 
     </span>
     <span class='ocr_line' id='line_1_24' title="bbox 114 1868 1671 1936; baseline 0.001 -17"><span class='ocrx_word' id='word_1_241' title='bbox 114 1888 201 1936; x_wconf 80' lang='lat' dir='ltr'><strong>pus</strong></span> <span class='ocrx_word' id='word_1_242' title='bbox 221 1868 392 1924; x_wconf 68' lang='lat' dir='ltr'><strong>Causae</strong></span> <span class='ocrx_word' id='word_1_243' title='bbox 412 1871 809 1936; x_wconf 78' lang='lat' dir='ltr'><strong>propositionem</strong></span> <span class='ocrx_word' id='word_1_244' title='bbox 832 1907 844 1926; x_wconf 87' lang='lat'><strong>‚</strong></span> <span class='ocrx_word' id='word_1_245' title='bbox 869 1871 1081 1933; x_wconf 84' lang='lat' dir='ltr'><strong>ideoque</strong></span> <span class='ocrx_word' id='word_1_246' title='bbox 1102 1869 1506 1934; x_wconf 79' lang='lat' dir='ltr'><strong>respondendum</strong></span> <span class='ocrx_word' id='word_1_247' title='bbox 1529 1868 1630 1921; x_wconf 85' lang='lat' dir='ltr'><strong>erit</strong></span> <span class='ocrx_word' id='word_1_248' title='bbox 1653 1903 1671 1920; x_wconf 89' lang='lat'><strong>.</strong></span> 
     </span>
     <span class='ocr_line' id='line_1_25' title="bbox 45 1940 1466 2010; baseline -0.001 -18"><span class='ocrx_word' id='word_1_249' title='bbox 45 1940 201 2002; x_wconf 80' lang='lat' dir='ltr'><strong>Anfit</strong></span> <span class='ocrx_word' id='word_1_250' title='bbox 212 1944 435 2010; x_wconf 79' lang='lat' dir='ltr'><em>standum</em></span> <span class='ocrx_word' id='word_1_251' title='bbox 452 1973 469 1996; x_wconf 71' lang='lat'><em>2</em></span> <span class='ocrx_word' id='word_1_252' title='bbox 486 1944 570 1993; x_wconf 82' lang='lat' dir='ltr'><strong>vel</strong></span> <span class='ocrx_word' id='word_1_253' title='bbox 580 1944 888 1995; x_wconf 79' lang='lat' dir='ltr'><strong>recedendum</strong></span> <span class='ocrx_word' id='word_1_254' title='bbox 905 1962 934 1993; x_wconf 80' lang='lat' dir='ltr'><strong>a</strong></span> <span class='ocrx_word' id='word_1_255' title='bbox 959 1941 1142 2007; x_wconf 77' lang='lat' dir='ltr'><strong>Deczsss·</strong></span> <span class='ocrx_word' id='word_1_256' title='bbox 1160 1947 1212 1994; x_wconf 82' lang='lat' dir='ltr'><strong>in</strong></span> <span class='ocrx_word' id='word_1_257' title='bbox 1229 1942 1340 2008; x_wconf 82' lang='lat' dir='ltr'><strong>casu</strong></span> <span class='ocrx_word' id='word_1_258' title='bbox 1356 1942 1466 1997; x_wconf 53' lang='lat' dir='ltr'><strong>&amp;os</strong></span> 
     </span>
    </p>
   </div>
   <div class='ocr_carea' id='block_1_2' title="bbox 104 2167 859 2261">
    <p class='ocr_par' dir='ltr' id='par_1_2' title="bbox 104 2167 859 2261">
     <span class='ocr_line' id='line_1_26' title="bbox 104 2167 859 2261; baseline 0.003 -15"><span class='ocrx_word' id='word_1_259' title='bbox 104 2167 107 2169; x_wconf 91' lang='lat'><em>.</em></span> <span class='ocrx_word' id='word_1_260' title='bbox 182 2197 234 2247; x_wconf 84' lang='lat' dir='ltr'><strong>In</strong></span> <span class='ocrx_word' id='word_1_261' title='bbox 273 2193 482 2255; x_wconf 77' lang='lat' dir='ltr'><strong>decisis,</strong></span> <span class='ocrx_word' id='word_1_262' title='bbox 523 2197 572 2250; x_wconf 65' lang='grc' dir='ltr'><strong>ὃς</strong></span> <span class='ocrx_word' id='word_1_263' title='bbox 604 2194 859 2261; x_wconf 78' lang='lat' dir='ltr'><strong>amplius·</strong></span> 
     </span>
    </p>
   </div>
   <div class='ocr_carea' id='block_1_3' title="bbox 40 2688 2228 3609">
    <p class='ocr_par' dir='ltr' id='par_1_3' title="bbox 40 2688 2228 3609">
     <span class='ocr_line' id='line_1_27' title="bbox 40 2688 2228 2820; baseline -0.002 -64"><span class='ocrx_word' id='word_1_264' title='bbox 40 2702 146 2820; x_wconf 81' lang='lat' dir='ltr'>C</span> <span class='ocrx_word' id='word_1_265' title='bbox 174 2703 646 2775; x_wconf 76' lang='lat' dir='ltr'>APUTAQJEN:</span> <span class='ocrx_word' id='word_1_266' title='bbox 666 2704 941 2758; x_wconf 70' lang='lat' dir='ltr'><strong>Ecclesiam</strong></span> <span class='ocrx_word' id='word_1_267' title='bbox 977 2703 1157 2755; x_wconf 84' lang='lat' dir='ltr'><strong>habent</strong></span> <span class='ocrx_word' id='word_1_268' title='bbox 1176 2697 1425 2752; x_wconf 87' lang='lat' dir='ltr'><strong>Monachi</strong></span> <span class='ocrx_word' id='word_1_269' title='bbox 1460 2697 1891 2767; x_wconf 62' lang='lat' dir='ltr'><strong>Congregationss</strong></span> <span class='ocrx_word' id='word_1_270' title='bbox 1949 2688 2228 2742; x_wconf 66' lang='lat' dir='ltr'><strong>S‘ff‘23·⁶·¹5·‘</strong></span> 
     </span>
     <span class='ocr_line' id='line_1_28' title="bbox 187 2743 2228 2849; baseline -0.003 -23"><span class='ocrx_word' id='word_1_271' title='bbox 187 2775 385 2828; x_wconf 85' lang='lat' dir='ltr'><strong>Montis</strong></span> <span class='ocrx_word' id='word_1_272' title='bbox 408 2775 637 2841; x_wconf 65' lang='lat' dir='ltr'><strong>Virgini&lt;</strong></span> <span class='ocrx_word' id='word_1_273' title='bbox 658 2813 671 2835; x_wconf 89' lang='lat'>‚</span> <span class='ocrx_word' id='word_1_274' title='bbox 690 2794 795 2842; x_wconf 76' lang='lat' dir='ltr'><strong>qua:</strong></span> <span class='ocrx_word' id='word_1_275' title='bbox 814 2774 1074 2828; x_wconf 84' lang='lat' dir='ltr'><strong>diciturS.</strong></span> <span class='ocrx_word' id='word_1_276' title='bbox 1094 2772 1370 2836; x_wconf 81' lang='lat' dir='ltr'><strong>Honuphrii</strong></span> <span class='ocrx_word' id='word_1_277' title='bbox 1401 2773 1458 2822; x_wconf 87' lang='lat' dir='ltr'><strong>de</strong></span> <span class='ocrx_word' id='word_1_278' title='bbox 1487 2770 1645 2839; x_wconf 80' lang='lat' dir='ltr'><strong>Massa</strong></span> <span class='ocrx_word' id='word_1_279' title='bbox 1682 2775 1850 2821; x_wconf 82' lang='lat' dir='ltr'><strong>diruta</strong></span> <span class='ocrx_word' id='word_1_280' title='bbox 1870 2801 1887 2829; x_wconf 85' lang='lat'>‚</span> <span class='ocrx_word' id='word_1_281' title='bbox 1944 2743 2228 2849; x_wconf 51' lang='lat' dir='ltr'><strong>Zisffgsjeffssg</strong></span> 
     </span>
     <span class='ocr_line' id='line_1_29' title="bbox 108 2841 2225 2907; baseline -0 -14"><span class='ocrx_word' id='word_1_282' title='bbox 108 2845 196 2895; x_wconf 82' lang='lat' dir='ltr'><strong>fita</strong></span> <span class='ocrx_word' id='word_1_283' title='bbox 219 2851 265 2895; x_wconf 84' lang='lat' dir='ltr'><strong>in</strong></span> <span class='ocrx_word' id='word_1_284' title='bbox 284 2846 577 2899; x_wconf 86' lang='lat' dir='ltr'><strong>Territorio</strong></span> <span class='ocrx_word' id='word_1_285' title='bbox 596 2845 943 2899; x_wconf 76' lang='lat' dir='ltr'><strong>parochialidi</strong></span> <span class='ocrx_word' id='word_1_286' title='bbox 975 2845 1188 2894; x_wconf 81' lang='lat' dir='ltr'><strong>Abetina</strong></span> <span class='ocrx_word' id='word_1_287' title='bbox 1225 2841 1503 2894; x_wconf 88' lang='lat' dir='ltr'><strong>Diaeceseos</strong></span> <span class='ocrx_word' id='word_1_288' title='bbox 1534 2842 1895 2907; x_wconf 86' lang='lat' dir='ltr'><strong>Caputaquen-</strong></span> <span class='ocrx_word' id='word_1_289' title='bbox 1945 2855 2028 2906; x_wconf 79' lang='lat' dir='ltr'><em>Sess.</em></span> <span class='ocrx_word' id='word_1_290' title='bbox 2047 2862 2225 2902; x_wconf 53' lang='lat' dir='ltr'><strong>„pc-23.</strong></span> 
     </span>
     <span class='ocr_line' id='line_1_30' title="bbox 107 2908 2079 2981; baseline -0.002 -18"><span class='ocrx_word' id='word_1_291' title='bbox 107 2914 168 2965; x_wconf 86' lang='lat' dir='ltr'><strong>fis</strong></span> <span class='ocrx_word' id='word_1_292' title='bbox 192 2949 207 2964; x_wconf 85' lang='lat'><strong>.</strong></span> <span class='ocrx_word' id='word_1_293' title='bbox 228 2915 302 2966; x_wconf 85' lang='lat' dir='ltr'><strong>Est</strong></span> <span class='ocrx_word' id='word_1_294' title='bbox 323 2917 371 2968; x_wconf 88' lang='lat' dir='ltr'><strong>in</strong></span> <span class='ocrx_word' id='word_1_295' title='bbox 389 2933 444 2969; x_wconf 89' lang='lat' dir='ltr'><strong>ea</strong></span> <span class='ocrx_word' id='word_1_296' title='bbox 462 2915 600 2968; x_wconf 77' lang='lat' dir='ltr'><strong>Fons</strong></span> <span class='ocrx_word' id='word_1_297' title='bbox 620 2915 943 2981; x_wconf 83' lang='lat' dir='ltr'><strong>Baptis&#39;malis</strong></span> <span class='ocrx_word' id='word_1_298' title='bbox 963 2952 981 2978; x_wconf 87' lang='lat'>‚</span> <span class='ocrx_word' id='word_1_299' title='bbox 1019 2914 1069 2964; x_wconf 61' lang='grc' dir='ltr'><strong>ὃς</strong></span> <span class='ocrx_word' id='word_1_300' title='bbox 1101 2912 1439 2964; x_wconf 84' lang='lat' dir='ltr'><strong>admittuntur</strong></span> <span class='ocrx_word' id='word_1_301' title='bbox 1478 2909 1539 2964; x_wconf 89' lang='lat' dir='ltr'><strong>ad</strong></span> <span class='ocrx_word' id='word_1_302' title='bbox 1578 2911 1893 2977; x_wconf 82' lang='lat' dir='ltr'><strong>excipiendas</strong></span> <span class='ocrx_word' id='word_1_303' title='bbox 1945 2910 1992 2948; x_wconf 68' lang='lat' dir='ltr'><strong>de</strong></span> <span class='ocrx_word' id='word_1_304' title='bbox 2009 2908 2079 2959; x_wconf 66' lang='lat' dir='ltr'><strong>ref</strong></span> 
     </span>
     <span class='ocr_line' id='line_1_31' title="bbox 107 2980 1898 3047; baseline -0.001 -13"><span class='ocrx_word' id='word_1_305' title='bbox 107 2981 452 3039; x_wconf 82' lang='lat' dir='ltr'><strong>Confeffiones</strong></span> <span class='ocrx_word' id='word_1_306' title='bbox 469 2986 866 3039; x_wconf 86' lang='lat' dir='ltr'><strong>Sacramentales</strong></span> <span class='ocrx_word' id='word_1_307' title='bbox 885 3000 986 3038; x_wconf 86' lang='lat' dir='ltr'><strong>non</strong></span> <span class='ocrx_word' id='word_1_308' title='bbox 1014 2982 1097 3047; x_wconf 83' lang='lat' dir='ltr'><strong>ipsi</strong></span> <span class='ocrx_word' id='word_1_309' title='bbox 1119 2982 1382 3033; x_wconf 84' lang='lat' dir='ltr'><strong>dumtaxat</strong></span> <span class='ocrx_word' id='word_1_310' title='bbox 1405 2981 1652 3034; x_wconf 87' lang='lat' dir='ltr'><strong>Monachi</strong></span> <span class='ocrx_word' id='word_1_311' title='bbox 1673 3017 1687 3039; x_wconf 93' lang='lat'>,</span> <span class='ocrx_word' id='word_1_312' title='bbox 1705 2980 1785 3032; x_wconf 77' lang='lat' dir='ltr'><strong>sed</strong></span> <span class='ocrx_word' id='word_1_313' title='bbox 1807 2981 1898 3032; x_wconf 89' lang='lat' dir='ltr'><strong>Sa-</strong></span> 
     </span>
     <span class='ocr_line' id='line_1_32' title="bbox 109 3051 1897 3122; baseline -0.001 -17"><span class='ocrx_word' id='word_1_314' title='bbox 109 3054 347 3108; x_wconf 84' lang='lat' dir='ltr'><strong>cerdotes</strong></span> <span class='ocrx_word' id='word_1_315' title='bbox 368 3057 679 3121; x_wconf 82' lang='lat' dir='ltr'><strong>quicumque</strong></span> <span class='ocrx_word' id='word_1_316' title='bbox 693 3058 752 3107; x_wconf 88' lang='lat' dir='ltr'><strong>ab</strong></span> <span class='ocrx_word' id='word_1_317' title='bbox 778 3055 1023 3122; x_wconf 81' lang='lat' dir='ltr'><strong>Episcopo</strong></span> <span class='ocrx_word' id='word_1_318' title='bbox 1042 3069 1141 3103; x_wconf 87' lang='lat' dir='ltr'><strong>non</strong></span> <span class='ocrx_word' id='word_1_319' title='bbox 1163 3051 1453 3116; x_wconf 83' lang='lat' dir='ltr'><strong>approbati,</strong></span> <span class='ocrx_word' id='word_1_320' title='bbox 1501 3053 1601 3104; x_wconf 88' lang='lat' dir='ltr'><strong>sola</strong></span> <span class='ocrx_word' id='word_1_321' title='bbox 1624 3052 1897 3117; x_wconf 87' lang='lat' dir='ltr'><strong>impetrata</strong></span> 
     </span>
     <span class='ocr_line' id='line_1_33' title="bbox 104 3118 1893 3187; baseline -0.001 -14"><span class='ocrx_word' id='word_1_322' title='bbox 104 3124 252 3175; x_wconf 85' lang='lat' dir='ltr'><strong>venia</strong></span> <span class='ocrx_word' id='word_1_323' title='bbox 271 3141 297 3174; x_wconf 89' lang='lat' dir='ltr'><strong>a</strong></span> <span class='ocrx_word' id='word_1_324' title='bbox 320 3126 490 3178; x_wconf 86' lang='lat' dir='ltr'><strong>Priore</strong></span> <span class='ocrx_word' id='word_1_325' title='bbox 513 3124 805 3178; x_wconf 82' lang='lat' dir='ltr'><strong>Monasterii</strong></span> <span class='ocrx_word' id='word_1_326' title='bbox 828 3162 844 3179; x_wconf 87' lang='lat'><strong><em>.</em></strong></span> <span class='ocrx_word' id='word_1_327' title='bbox 862 3127 984 3178; x_wconf 79' lang='lat' dir='ltr'><strong>Haec</strong></span> <span class='ocrx_word' id='word_1_328' title='bbox 1001 3118 1103 3174; x_wconf 82' lang='lat' dir='ltr'><strong>visa</strong></span> <span class='ocrx_word' id='word_1_329' title='bbox 1124 3118 1234 3174; x_wconf 84' lang='lat' dir='ltr'><strong>sunt</strong></span> <span class='ocrx_word' id='word_1_330' title='bbox 1255 3118 1501 3187; x_wconf 77' lang='lat' dir='ltr'><strong>Episcopo</strong></span> <span class='ocrx_word' id='word_1_331' title='bbox 1523 3138 1626 3172; x_wconf 84' lang='lat' dir='ltr'><strong>non</strong></span> <span class='ocrx_word' id='word_1_332' title='bbox 1648 3119 1857 3175; x_wconf 85' lang='lat' dir='ltr'><strong>ferenda</strong></span> <span class='ocrx_word' id='word_1_333' title='bbox 1874 3159 1893 3184; x_wconf 88' lang='lat'>‚</span> 
     </span>
     <span class='ocr_line' id='line_1_34' title="bbox 105 3188 1897 3258; baseline -0.003 -13"><span class='ocrx_word' id='word_1_334' title='bbox 105 3192 148 3245; x_wconf 73' lang='grc' dir='ltr'>ἃ</span> <span class='ocrx_word' id='word_1_335' title='bbox 167 3196 359 3258; x_wconf 86' lang='lat' dir='ltr'><strong>questus</strong></span> <span class='ocrx_word' id='word_1_336' title='bbox 393 3196 526 3247; x_wconf 88' lang='lat' dir='ltr'><strong>estin</strong></span> <span class='ocrx_word' id='word_1_337' title='bbox 547 3193 626 3248; x_wconf 87' lang='lat' dir='ltr'><strong>sua</strong></span> <span class='ocrx_word' id='word_1_338' title='bbox 645 3193 873 3249; x_wconf 85' lang='lat' dir='ltr'><strong>Ecclefiae</strong></span> <span class='ocrx_word' id='word_1_339' title='bbox 896 3192 1138 3246; x_wconf 85' lang='lat' dir='ltr'><strong>relatione</strong></span> <span class='ocrx_word' id='word_1_340' title='bbox 1159 3231 1175 3257; x_wconf 91' lang='lat'>,</span> <span class='ocrx_word' id='word_1_341' title='bbox 1211 3207 1363 3258; x_wconf 85' lang='lat' dir='ltr'><strong>quam</strong></span> <span class='ocrx_word' id='word_1_342' title='bbox 1380 3188 1501 3244; x_wconf 91' lang='lat' dir='ltr'><strong>fecit</strong></span> <span class='ocrx_word' id='word_1_343' title='bbox 1523 3193 1573 3243; x_wconf 86' lang='lat' dir='ltr'><strong>in</strong></span> <span class='ocrx_word' id='word_1_344' title='bbox 1593 3191 1897 3244; x_wconf 83' lang='lat' dir='ltr'><strong>Vifitatione</strong></span> 
     </span>
     <span class='ocr_line' id='line_1_35' title="bbox 103 3259 1897 3331; baseline -0.001 -19"><span class='ocrx_word' id='word_1_345' title='bbox 103 3263 368 3317; x_wconf 74' lang='lat' dir='ltr'><strong>Sacrorum</strong></span> <span class='ocrx_word' id='word_1_346' title='bbox 384 3263 649 3317; x_wconf 87' lang='lat' dir='ltr'><strong>Liminum</strong></span> <span class='ocrx_word' id='word_1_347' title='bbox 675 3300 691 3317; x_wconf 89' lang='lat'><strong><em>.</em></strong></span> <span class='ocrx_word' id='word_1_348' title='bbox 719 3264 854 3319; x_wconf 87' lang='lat' dir='ltr'><strong>Cum</strong></span> <span class='ocrx_word' id='word_1_349' title='bbox 876 3259 1166 3331; x_wconf 81' lang='lat' dir='ltr'><strong>responsum</strong></span> <span class='ocrx_word' id='word_1_350' title='bbox 1190 3261 1474 3326; x_wconf 63' lang='lat' dir='ltr'><strong>accepisset,</strong></span> <span class='ocrx_word' id='word_1_351' title='bbox 1496 3274 1550 3315; x_wconf 89' lang='lat' dir='ltr'><strong>ut</strong></span> <span class='ocrx_word' id='word_1_352' title='bbox 1571 3265 1666 3313; x_wconf 90' lang='lat' dir='ltr'><strong>hoc</strong></span> <span class='ocrx_word' id='word_1_353' title='bbox 1684 3263 1897 3312; x_wconf 87' lang='lat' dir='ltr'><strong>Sacrum</strong></span> 
     </span>
     <span class='ocr_line' id='line_1_36' title="bbox 104 3329 1898 3402; baseline -0.003 -19"><span class='ocrx_word' id='word_1_354' title='bbox 104 3331 351 3385; x_wconf 86' lang='lat' dir='ltr'><strong>Tribunal</strong></span> <span class='ocrx_word' id='word_1_355' title='bbox 375 3335 564 3391; x_wconf 86' lang='lat' dir='ltr'><strong>adiret,</strong></span> <span class='ocrx_word' id='word_1_356' title='bbox 609 3335 677 3387; x_wconf 87' lang='lat' dir='ltr'><strong>ita</strong></span> <span class='ocrx_word' id='word_1_357' title='bbox 696 3335 836 3402; x_wconf 83' lang='lat' dir='ltr'><strong>egit,</strong></span> <span class='ocrx_word' id='word_1_358' title='bbox 873 3335 918 3387; x_wconf 82' lang='grc'><strong>8(</strong></span> <span class='ocrx_word' id='word_1_359' title='bbox 953 3347 1004 3387; x_wconf 87' lang='lat' dir='ltr'><strong>ut</strong></span> <span class='ocrx_word' id='word_1_360' title='bbox 1031 3332 1188 3386; x_wconf 81' lang='lat' dir='ltr'><strong>moris</strong></span> <span class='ocrx_word' id='word_1_361' title='bbox 1222 3334 1290 3383; x_wconf 89' lang='lat' dir='ltr'><strong>est</strong></span> <span class='ocrx_word' id='word_1_362' title='bbox 1306 3366 1320 3390; x_wconf 89' lang='lat'>‚</span> <span class='ocrx_word' id='word_1_363' title='bbox 1360 3332 1554 3384; x_wconf 86' lang='lat' dir='ltr'><strong>auditus</strong></span> <span class='ocrx_word' id='word_1_364' title='bbox 1594 3329 1898 3381; x_wconf 84' lang='lat' dir='ltr'><strong>sententiam</strong></span> 
     </span>
     <span class='ocr_line' id='line_1_37' title="bbox 103 3397 1906 3470; baseline -0.002 -18"><span class='ocrx_word' id='word_1_365' title='bbox 103 3404 294 3466; x_wconf 81' lang='lat' dir='ltr'><strong>aperuit</strong></span> <span class='ocrx_word' id='word_1_366' title='bbox 315 3405 466 3457; x_wconf 85' lang='lat' dir='ltr'><strong>animi</strong></span> <span class='ocrx_word' id='word_1_367' title='bbox 489 3404 558 3456; x_wconf 88' lang='lat' dir='ltr'><strong>sui</strong></span> <span class='ocrx_word' id='word_1_368' title='bbox 582 3438 596 3460; x_wconf 84' lang='lat'>‚</span> <span class='ocrx_word' id='word_1_369' title='bbox 642 3421 738 3470; x_wconf 90' lang='lat' dir='ltr'><strong>qua</strong></span> <span class='ocrx_word' id='word_1_370' title='bbox 759 3404 858 3457; x_wconf 89' lang='lat' dir='ltr'><strong>duo</strong></span> <span class='ocrx_word' id='word_1_371' title='bbox 877 3405 964 3456; x_wconf 89' lang='lat' dir='ltr'><strong>illa</strong></span> <span class='ocrx_word' id='word_1_372' title='bbox 982 3402 1245 3457; x_wconf 84' lang='lat' dir='ltr'><strong>damnavit</strong></span> <span class='ocrx_word' id='word_1_373' title='bbox 1267 3435 1280 3451; x_wconf 87' lang='grc'><strong>.</strong></span> <span class='ocrx_word' id='word_1_374' title='bbox 1311 3400 1462 3452; x_wconf 86' lang='lat' dir='ltr'><strong>Prior</strong></span> <span class='ocrx_word' id='word_1_375' title='bbox 1487 3415 1654 3452; x_wconf 84' lang='lat' dir='ltr'><strong>tamen</strong></span> <span class='ocrx_word' id='word_1_376' title='bbox 1677 3434 1690 3456; x_wconf 90' lang='lat'>‚</span> <span class='ocrx_word' id='word_1_377' title='bbox 1707 3397 1749 3453; x_wconf 84' lang='grc'><strong>8(</strong></span> <span class='ocrx_word' id='word_1_378' title='bbox 1771 3398 1906 3450; x_wconf 90' lang='grc' dir='ltr'><strong>Μο-</strong></span> 
     </span>
     <span class='ocr_line' id='line_1_38' title="bbox 104 3470 1900 3539; baseline -0.002 -18"><span class='ocrx_word' id='word_1_379' title='bbox 104 3474 249 3524; x_wconf 88' lang='lat' dir='ltr'><strong>nachi</strong></span> <span class='ocrx_word' id='word_1_380' title='bbox 265 3473 351 3527; x_wconf 80' lang='lat' dir='ltr'><strong>lus</strong></span> <span class='ocrx_word' id='word_1_381' title='bbox 372 3470 518 3526; x_wconf 83' lang='lat' dir='ltr'><strong>suum</strong></span> <span class='ocrx_word' id='word_1_382' title='bbox 538 3474 902 3527; x_wconf 84' lang='lat' dir='ltr'><strong>constituerunt</strong></span> <span class='ocrx_word' id='word_1_383' title='bbox 929 3475 979 3525; x_wconf 86' lang='lat' dir='ltr'><strong>in</strong></span> <span class='ocrx_word' id='word_1_384' title='bbox 1003 3474 1249 3539; x_wconf 79' lang='lat' dir='ltr'><strong>qualitate</strong></span> <span class='ocrx_word' id='word_1_385' title='bbox 1273 3473 1483 3524; x_wconf 74' lang='lat' dir='ltr'><strong>Nullius</strong></span> <span class='ocrx_word' id='word_1_386' title='bbox 1507 3470 1779 3532; x_wconf 74' lang='lat' dir='ltr'><strong>Dioeceseos,</strong></span> <span class='ocrx_word' id='word_1_387' title='bbox 1804 3481 1900 3532; x_wconf 88' lang='lat' dir='ltr'><strong>qua</strong></span> 
     </span>
     <span class='ocr_line' id='line_1_39' title="bbox 105 3535 1902 3609; baseline -0.003 -20"><span class='ocrx_word' id='word_1_388' title='bbox 105 3554 158 3589; x_wconf 86' lang='lat' dir='ltr'><strong>ea</strong></span> <span class='ocrx_word' id='word_1_389' title='bbox 179 3541 259 3592; x_wconf 80' lang='lat' dir='ltr'><strong>fibi</strong></span> <span class='ocrx_word' id='word_1_390' title='bbox 282 3542 434 3606; x_wconf 82' lang='lat' dir='ltr'><strong>licere</strong></span> <span class='ocrx_word' id='word_1_391' title='bbox 453 3555 627 3607; x_wconf 86' lang='lat' dir='ltr'><strong>putant</strong></span> <span class='ocrx_word' id='word_1_392' title='bbox 644 3578 658 3596; x_wconf 88' lang='lat'><strong>.</strong></span> <span class='ocrx_word' id='word_1_393' title='bbox 677 3539 913 3609; x_wconf 82' lang='lat' dir='ltr'><strong>Disputat</strong></span> <span class='ocrx_word' id='word_1_394' title='bbox 932 3545 1097 3608; x_wconf 87' lang='lat' dir='ltr'><strong>itaque</strong></span> <span class='ocrx_word' id='word_1_395' title='bbox 1117 3558 1248 3594; x_wconf 86' lang='lat' dir='ltr'><strong>nunc</strong></span> <span class='ocrx_word' id='word_1_396' title='bbox 1274 3542 1548 3593; x_wconf 87' lang='lat' dir='ltr'><strong>Promotor</strong></span> <span class='ocrx_word' id='word_1_397' title='bbox 1568 3535 1764 3592; x_wconf 87' lang='lat' dir='ltr'><strong>Fiscalis</strong></span> <span class='ocrx_word' id='word_1_398' title='bbox 1780 3552 1902 3588; x_wconf 88' lang='lat' dir='ltr'><strong>con·</strong></span> 
     </span>
    </p>
   </div>
   <div class='ocr_carea' id='block_1_4' title="bbox 102 3607 1902 3730">
    <p class='ocr_par' dir='ltr' id='par_1_4' title="bbox 102 3607 1902 3730">
     <span class='ocr_line' id='line_1_40' title="bbox 102 3607 1898 3729; baseline -0.001 -71"><span class='ocrx_word' id='word_1_399' title='bbox 102 3619 178 3661; x_wconf 81' lang='lat' dir='ltr'><strong>tra</strong></span> <span class='ocrx_word' id='word_1_400' title='bbox 195 3625 309 3665; x_wconf 87' lang='lat' dir='ltr'><strong>eam</strong></span> <span class='ocrx_word' id='word_1_401' title='bbox 336 3612 636 3680; x_wconf 84' lang='lat' dir='ltr'><strong>qualitatem</strong></span> <span class='ocrx_word' id='word_1_402' title='bbox 662 3649 679 3676; x_wconf 88' lang='lat'>,</span> <span class='ocrx_word' id='word_1_403' title='bbox 699 3631 866 3682; x_wconf 87' lang='lat' dir='ltr'><strong>neque</strong></span> <span class='ocrx_word' id='word_1_404' title='bbox 888 3614 1041 3667; x_wconf 84' lang='lat' dir='ltr'><strong>licere</strong></span> <span class='ocrx_word' id='word_1_405' title='bbox 1064 3611 1226 3666; x_wconf 87' lang='lat' dir='ltr'><strong>Priori</strong></span> <span class='ocrx_word' id='word_1_406' title='bbox 1245 3610 1535 3664; x_wconf 85' lang='lat' dir='ltr'><strong>Monasterii</strong></span> <span class='ocrx_word' id='word_1_407' title='bbox 1553 3608 1760 3729; x_wconf 53' lang='lat' dir='ltr'><strong>venian}</strong></span> <span class='ocrx_word' id='word_1_408' title='bbox 1777 3607 1898 3658; x_wconf 86' lang='lat' dir='ltr'><strong>dare</strong></span> 
     </span>
     <span class='ocr_line' id='line_1_41' title="bbox 1763 3689 1902 3730; baseline -0.029 0"><span class='ocrx_word' id='word_1_409' title='bbox 1763 3689 1902 3730; x_wconf 85' lang='lat' dir='ltr'><strong>acer-</strong></span> 
     </span>
    </p>
   </div>
  </div>
 </body>
</html>
