2571 3961
637 98 647 114 ,Δ
1987 106 2012 134 ς,

513 139 701 233 {itidem
717 184 1100 232 Subdiaconalem
1118 216 1132 231 .
1167 182 1484 244 Antiquiffima
1501 185 1642 232 etiam
1659 217 1676 239 ,
1699 183 1741 231 δι
1755 183 1897 245 nsque
1920 199 1954 231 a
1981 183 2154 234 Saeculo
2177 186 2287 236 XV.
2310 203 2438 237 rece*
2461 224 2465 228 .

509 260 588 307 pta
606 250 650 294 in
671 263 721 293 ea
741 249 865 308 viget
885 244 1160 294 consuetudo
1179 247 1293 292 inter
1309 246 1577 294 Canonicos
1599 245 1766 294 diversi
1783 245 1970 293 Ordinis
2000 253 2284 306 permutandi
2315 253 2438 300 Stal-

513 309 606 356 lum
626 345 639 363 ‚
668 312 709 356 ὅ(
732 311 1002 356 exercitium
1019 343 1029 354 .
1070 309 1440 367 Presbyteralem
1468 309 1513 355 in
1531 313 1685 357 eadem
1705 307 2025 355 patriarchiali
2061 308 2254 359 Ecclefia
2284 313 2439 360 Cano-
2460 364 2461 367 ,

512 370 711 418 nicatum
733 371 931 418 obtinuit
951 386 1072 414 anno
1087 383 1214 429 ¹734·
1232 369 1291 415 R.
1314 370 1360 416 P.
1385 370 1450 420 D.
1472 370 1643 419 Marius
1660 370 1945 421 Guarnacci,
1973 371 2278 433 expeditisque
2312 374 2439 422 Lite-

511 436 572 480 ris
594 433 876 493 Apostolicis
896 468 906 483 ,
940 430 1239 488 posseflionem
1256 430 1381 478 illius
1399 435 1548 480 naCtus
1568 433 1627 482 est
1652 469 1665 487 ,
1696 434 1739 480 δι
1759 447 1858 479 cum
1877 432 1934 477 ad
1954 431 2268 481 Sacerdotium
2283 435 2436 485 ascen·
2459 483 2462 487 ,

512 497 614 542 dere
630 498 803 542 deberet
822 528 833 546 ,
869 492 1152 539 Diaconatus
1171 494 1390 541 Ordinem
1409 494 1599 555 suscepit
1632 511 1752 543 anno
1786 507 1949 556 1737..
1986 509 2075 554 quo
2106 506 2308 556 tempore
2336 513 2459 558 cum,¹

513 557 570 603 R.
590 558 633 602 P.
657 559 705 603 D
740 554 940 601 Michael
969 553 1264 602 Vincentiuus
1284 590 1297 613 ,
1334 558 1409 618 qui
1432 557 1769 606 Canonicatum
1788 560 2080 604 Diaconalem
2102 555 2146 601 in
2168 561 2322 604 eadem
2355 558 2441 606 Ee-

511 620 644 665 clefia
659 619 916 664 obtinuerat
939 652 949 668 ,
966 618 1176 663 Gratiam
1196 620 1510 679 Apostolicam
1527 619 1805 683 impetrasset
1821 618 1999 666 sedendi
2020 619 2066 664 in
2085 616 2221 686 stallis
2238 622 2439 681 'Presby-

513 681 741 729 teralibns
763 714 775 731 ,
814 691 946 738 atque
966 681 1026 725 ita
1046 695 1235 728 vacuum
1262 682 1530 730 remansisset
1549 700 1686 731 unum
1704 700 1759 731 ex
1777 681 1972 744 quinque
2003 679 2140 749 stallis
2164 681 2442 730 Diaconali-

513 745 622 793 bus,
663 742 724 788 R.
747 740 796 787 P.
817 742 875 786 D.
894 741 1152 790 Guarnacci
1173 779 1184 795 ,
1217 746 1292 803 qui
1321 762 1436 793 onus
1474 746 1725 796 Sacerdotii
1767 745 1962 791 humeris
1997 742 2084 789 suis
2116 744 2236 789 haud
2269 759 2442 806 aequum

512 805 748 858 censebat,
784 804 913 861 petiit
937 835 949 855 ‚
977 805 1267 868 obtinuitque
1288 807 1515 856 indultum
1537 810 1842 868 Apostolicum
1861 805 2144 870 permutandi
2171 805 2301 854 suum
2340 808 2467 855 stab*

514 869 608 914 lum
629 902 644 922 ,
679 868 718 912 &
739 867 1004 913 exercitium
1025 869 1352 925 ‘Presbyterale
1367 904 1380 921 ,
1410 886 1512 916 cum
1533 872 1663 920 stallo
1686 908 1699 925 ,
1737 874 1778 919 :a
1796 868 2016 917 exercitio
2051 871 2319 917 Diaconalis
2342 870 2444 918 Ca-

511 941 746 976 nonicatus
765 963 778 980 .
811 945 941 989 quem
961 929 1200 988 possidebat
1231 931 1284 977 R.
1304 933 1347 978 P.
1375 933 1431 980 D.
1460 933 1725 981 Vincentini
1750 969 1763 986 ‚
1793 933 1963 989 adjecta
1997 928 2195 991 expressa
2225 932 2326 993 lege
2347 967 2361 986 ‚
2400 933 2442 981 δι

514 992 773 1039 conditione
790 1023 803 1041 ,
833 992 972 1037 donec
985 1015 1005 1044 ,·
1034 993 1075 1038 ὅ(
1097 993 1331 1055 quousque
1349 997 1541 1042 alterum
1557 1012 1612 1043 ex
1631 997 1829 1059 quinque
1848 993 1989 1040 stallis
2006 993 2340 1044 Diaconalibus
2359 1011 2445 1044 va-

511 1070 646 1101 cuum
663 1067 910 1100 remaneret
931 1055 1075 1101 .Cum
1095 1069 1244 1104 autem
1267 1073 1431 1113 nupera
1453 1073 1597 1106 morte
1619 1059 1678 1106 R.
1693 1061 1737 1106 P.
1766 1060 1828 1104 D.
1845 1056 2114 1102 Vincentini
2132 1055 2328 1104 vacasset
2347 1059 2446 1116 ejus

514 1116 817 1163 Canonicatus
834 1120 1098 1165 Diaconalis
1119 1155 1130 1171 ,
1164 1119 1222 1166 R.
1243 1122 1288 1168 P.
1310 1120 1647 1170 D.Guarnacci
1672 1157 1686 1174 ,
1721 1119 1917 1169 resoluta
1937 1119 2266 1178 permutatione
2293 1119 2408 1169 stalli
2431 1157 2447 1176 ,

518 1181 561 1226 δι
581 1179 824 1229 exercitii,
858 1176 1028 1226 stallum
1047 1214 1060 1233 ,
1090 1182 1418 1231 &exercitium
1438 1184 1743 1232 Canonicatus
1772 1181 2036 1236 Diaconalis
2069 1180 2189 1227 ceifit
2209 1182 2448 1234 succeffori

521 1240 588 1287 Ru
605 1241 651 1287 P.
674 1242 731 1287 D.
749 1240 1017 1289 Vincentini
1035 1279 1048 1295 ,
1086 1245 1347 1307 &repetere
1374 1247 1525 1294 voluit
1545 1246 1721 1295 stallum
1741 1247 1805 1294 sui
1842 1244 2153 1290 Canoninatus
2193 1248 2448 1308 Presbyte-

514 1302 633 1351 ralis'
659 1338 671 1355 ,
707 1303 855 1364 inquo
876 1306 1079 1352 triennio
1100 1307 1270 1356 sederat
1293 1321 1398 1356 ante
1433 1314 1818 1371 permutationem
1836 1344 1849 1361 ,
1882 1307 1949 1353 sed
1970 1304 2057 1352 sese
2089 1308 2448 1357 contradictores

517 1368 557 1411 ei
575 1364 869 1426 praestiterunt
887 1381 1075 1428 quatuor
1089 1371 1311 1420 Canonici
1333 1372 1439 1420 RR.
1461 1374 1546 1420 ΡΡ,
1575 1374 1683 1420 DD.
1703 1370 1868 1419 Canali
1892 1406 1905 1423 ,
1944 1367 2241 1421 Philonardi,
2281 1371 2447 1420 Bonae-

517 1428 630 1474 C0rs¹
663 1464 676 1481 ³
711 1429 751 1474 &
781 1428 986 1484 Emaldi,
1023 1433 1096 1493 qui
1115 1433 1228 1481 licet
1246 1434 1337 1493 post
1354 1450 1457 1482 eun
1498 1434 1542 1482 in
1574 1435 1916 1482 Canonicorum
1956 1430 2220 1502 Collegium
2247 1435 2450 1496 recepti,

515 1492 621 1551 quia
641 1503 790 1536 tamen
811 1493 1060 1541 anteriores
1079 1510 1206 1543 erant
1225 1497 1444 1544 exercitio
1466 1500 1510 1544 in
1535 1499 1708 1546 Ordine
1736 1496 2046 1556 Presbyterali
2068 1529 2080 1545 ‚
2116 1500 2452 1544 contendebant

517 1553 584 1599 R.
609 1552 654 1599 P.
679 1553 745 1599 D.
760 1553 1017 1604 Guarnacci
1035 1557 1206 1606 ultimo
1230 1558 1320 1619 post
1342 1560 1454 1620 ipsos
1475 1562 1578 1610 loco
1596 1561 1751 1608 sedere
1774 1559 1964 1610 debere,
1998 1556 2026 1603 fi
2045 1556 2262 1619 regrefius
2280 1563 2332 1608 ad
2349 1561 2451 1608 Or-

515 1615 666 1661 dinem
687 1616 1050 1680 Presbyteralem
1082 1624 1124 1668 ei
1147 1622 1283 1682 poffet
1320 1622 1407 1669 sine
1440 1625 1598 1678 Gratia
1638 1621 1875 1670 Pontificia
1909 1619 2136 1681 permitti.
2177 1620 2452 1685 Capitulum

519 1679 673 1739 itaque
694 1678 741 1724 in
760 1680 841 1727 hac
859 1683 1160 1731 controversia
1180 1685 1416 1734 secundum
1437 1688 1495 1735 R.
1522 1687 1568 1734 Ρ.
1589 1687 1649 1736 D.
1669 1684 1924 1732 Guarnacci
1947 1682 2238 1741 provisionali
2261 1689 2450 1733 decreto

515 1740 753 1803 respondit
775 1779 785 1795 .
805 1744 846 1790 &
865 1745 920 1792 R.
944 1745 994 1792 P.
1015 1747 1079 1792 D.
1095 1747 1354 1797 Guarnacci
1375 1748 1493 1797 stalli
1517 1748 1841 1810 Presbyteralis
1856 1745 2159 1808 poss'efflonem
2177 1748 2357 1811 accepit
2373 1766 2454 1796 an·

518 1816 565 1849 te
584 1817 782 1863 quatuor
796 1809 1148 1858 contradiCtores
1168 1811 1449 1862 canonicum
1472 1815 1534 1860 At
1554 1812 1598 1859 hi
1618 1846 1630 1863 ‚
1648 1811 1846 1870 precibus
1867 1808 2042 1857 SANC
2056 1807 2311 1859 slSSlMO
2331 1813 2450 1858 NO-

513 1865 688 1914 STRO
720 1870 890 1917 oblati‘s
909 1906 922 1922 ,
959 1872 1217 1934 rescriptum
1237 1875 1534 1936 impetrarunt
1551 1911 1565 1932 ‚
1585 1886 1637 1922 ut
1653 1876 2027 1934 Eminentifflmus
2056 1875 2454 1939 Archipresbyter

515 1933 788 1994 provideret
802 1937 958 1981 audito
985 1939 1186 1997 Capitale
1205 1971 1219 1984 .
1462 1964 1465 1966 -
2243 1996 2248 2001 Ι

449 1991 527 2039 Re
542 1992 683 2054 igitur
702 1993 748 2041 in
763 1993 982 2056 Capitulo
1001 1999 1245 2063 diligenter
1261 2004 1509 2066 perpensa,
1550 2003 1693 2052 visum
1729 1999 1791 2052 est
1821 2000 2178 2050 confirmandum
2213 2000 2303 2050 ess'e
2332 2018 2454 2067 prae-
2500 2042 2503 2043 γ

507 2059 670 2125 cedens
687 2060 910 2126 decretum
933 2096 945 2114 ,
984 2064 1026 2108 ὅ(
1063 2063 1436 2114 Eminentissimus
1471 2069 1854 2130 Archipresbyter
1890 2069 2053 2129 exequi
2086 2065 2205 2122 iuflit
2245 2065 2448 2132 Decreta

508 2117 753 2181 Cap1tul¹‚
787 2122 1010 2171 reservata
1024 2140 1218 2186 quatuor
1231 2130 1487 2177 Canonicis
1504 2130 1727 2177 facultate
1747 2131 1932 2177 adeundi
1951 2128 2034 2176 hoc
2063 2129 2245 2176 Sacrum
2280 2127 2447 2182 sribia.-

509 2182 649 2229 bunal
681 2214 703 2251 .·
723 2183 844 2232 Tres
879 2185 1099 2234 Canonici
1148 2194 1438 2253 appellarunt
1471 2228 1483 2245 ,
1519 2192 1791 2241 Philonardi
1841 2192 1918 2239 liti
1951 2191 2072 2240 cellit
2104 2207 2121 2244 3
2153 2191 2303 2239 Causa
2334 2209 2453 2242 nunc

517 2257 786 2304 proponitur
805 2283 816 2299 ,
846 2250 887 2294 δι
908 2248 964 2297 R.
988 2250 1031 2295 Ρ.
1051 2252 1115 2298 Ι).
1132 2252 1387 2302 Guarnacci
1405 2290 1419 2308 ‚
1437 2255 1513 2318 qui
1532 2257 1735 2304 obtinuit
1754 2267 2128 2316 prorogationem
2150 2256 2210 2302 ad
2229 2254 2301 2303 sex
2322 2272 2447 2304 men-

503 2307 574 2375 ses
593 2322 672 2367 pro
695 2307 966 2371 assequendo
985 2314 1240 2362 Sacerdotio
1259 2354 1273 2371 ,
1301 2331 1433 2377 urget
1448 2321 1648 2379 regulam
1667 2317 1782 2374 luris
1805 2354 1818 2371 ,
1858 2334 1956 2381 que
1975 2318 2078 2363 vult
2109 2351 2124 2371 ,
2155 2331 2203 2365 ut
2221 2318 2299 2381 qui
2319 2333 2452 2368 ante.-

507 2371 674 2418 riorest
690 2373 1330 2441 receptioneiuColleggi’urn
1362 2380 1702 2428 canonicorum
1723 2416 1736 2433 ‚
1774 2382 1929 2442 potior
1961 2395 2140 2443 quoque
2187 2379 2238 2429 sit
2276 2383 2323 2428 in
2346 2385 2451 2430 loco

505 2430 684 2501 sedendi
705 2453 714 2479 ε
735 2437 1036 2496 nequeobesse
1057 2446 1436 2500 permutationem
1456 2444 1614 2490 factam
1636 2444 1753 2490 inter
1771 2459 1873 2492 eum
1890 2479 1903 2495 ,
1923 2444 1963 2489 ἃ
1979 2440 2238 2492 όεῑιιηᾱιιῑη
2257 2444 2450 2494 R.P.D.

508 2494 774 2563 Vlflflentissi
798 2534 812 2551 ‚
845 2500 949 2559 quia
963 2518 1069 2550 cum
1090 2505 1364 2562 permutatio
1381 2507 1457 2552 illa
1475 2522 1569 2553 non
1595 2507 1734 2553 fuerit
1760 2504 1952 2558 Tituli,
1989 2504 2247 2556 Praebendae
2266 2542 2280 2560 ‚
2296 2510 2340 2556 &
2361 2507 2454 2562 Ca.-

506 2571 773 2626 rionicatus.
806 2562 878 2608 sed
897 2563 1027 2611 solius
1044 2565 1188 2619 stalli,
1225 2569 1265 2613 ὅ(
1287 2570 1497 2615 exercitii
1519 2571 1645 2624 juxta
1682 2568 2036 2631 antiquissimam
2071 2568 2448 2619 consuetudinem

504 2634 553 2665 in
572 2622 727 2670 eadem
748 2624 944 2672 Ecclesia
967 2640 1195 2691 receptam
1212 2667 1225 2684 ‚
1258 2645 1348 2677 non
1367 2632 1566 2694 potuerit
1584 2631 1913 2678 detrimentum
1949 2629 2118 2678 inferre
2149 2632 2331 2686 Juribus
2367 2632 2448 2681 sibi

506 2684 730 2742 quaefitis,
774 2690 813 2733 δι
841 2688 1016 2749 semper
1047 2693 1232 2739 retentis
1255 2727 1265 2743 ‚
1300 2709 1404 2742 cum
1423 2709 1502 2754 per
1537 2694 1661 2740 illam
1693 2693 2070 2756 permutationem
2112 2694 2300 2743 R.P.D.
2342 2695 2456 2743 Vin-

516 2749 691 2795 centini
711 2749 945 2810 possideret
964 2769 1044 2813 pro
1063 2753 1172 2801 RP.
1186 2755 1246 2807 D.
1261 2756 1522 2804 Guarnacci
1541 2792 1554 2810 ,
1588 2758 1630 2802 ὅ(
1651 2758 1722 2805 hic
1742 2772 1824 2819 pro
1856 2756 2007 2804 altero
2029 2772 2044 2807 3
2079 2755 2199 2804 Cum
2221 2772 2331 2805 vero
2353 2773 2451 2819 per-

501 2812 698 2858 mutatio
718 2813 1258 2876 il'lahaberetexpressam
1279 2821 1616 2870 conditionem,
1653 2835 1702 2867 ut
1722 2821 1882 2866 durare
1919 2817 2109 2865 deberet
2146 2853 2161 2868 .
2194 2820 2369 2875 donec,
2402 2824 2448 2872 ὃς
2475 2850 2485 2869 :-

498 2872 732 2934 quousque
749 2876 940 2924 alterum
965 2893 1019 2924 ex
1039 2880 1242 2941 quinque
1279 2883 1433 2929 Stallis
1471 2882 1807 2929 Diaconalibus
1839 2896 2030 2927 vacuum
2067 2880 2205 2927 fuerit
2231 2916 2246 2935 ‚
2280 2883 2450 2931 conse-
2478 2888 2481 2891 ’

503 2947 643 2990 quens
662 2936 748 2982 effe
762 2975 773 2991 ,
792 2952 841 2985 ut
860 2951 1002 2986 morte
1021 2939 1061 2988 R
1098 2941 1149 2992 P.
1173 2942 1237 2989 D.
1258 2945 1531 2992 Vincentini
1550 2948 1758 2992 evenerit
1775 2943 1982 2990 conditio
2002 2978 2016 2996 ,
2033 2958 2136 2990 cum
2156 2945 2336 2992 collato
2352 2950 2449 3006 ejus

504 2993 792 3046 Canonicatu
811 3035 824 3052 ,
853 3001 1034 3050 nullum
1054 3020 1110 3051 ex
1144 3007 1341 3066 quinque
1379 3006 1535 3055 Stallis
1579 3007 1909 3054 Diaconalibus
1939 3020 2135 3053 vacuum
2154 3007 2236 3061 sit,
2284 3010 2446 3065 &ideo

503 3058 700 3104 resoluta
751 3078 835 3121 per
866 3065 1110 3113 adventum
1155 3069 1439 3118 conditionis
1480 3071 1814 3132 permutatione
1843 3103 1855 3120 ‚
1890 3068 2065 3114 licitum
2108 3070 2357 3120 necessario
2395 3072 2446 3120 fit

500 3116 568 3163 R.
592 3119 641 3166 P.
664 3121 1002 3189 D.Guarnacci
1024 3130 1204 3190 regredi
1224 3133 1277 3178 ad
1296 3133 1490 3180 Stallum
1514 3131 1639 3178 suum
1657 3165 1671 3184 ‚
1707 3134 1750 3178 &
1777 3131 2054 3177 exercitium
2087 3132 2414 3196 Presbyterale
2431 3172 2448 3192 ,

503 3180 547 3224 δι
568 3180 693 3228 sicuti
709 3218 723 3236 ,
757 3183 785 3230 fi
804 3202 1045 3247 numquam
1059 3197 1335 3249 pei-mutatio
1363 3194 1474 3241 facta
1493 3192 1637 3239 fuisset
1656 3228 1670 3247 ‚
1692 3193 1751 3240 R.
1768 3193 1814 3238 P.
1838 3195 1906 3240 D.
1932 3192 2191 3243 Guarnacci
2211 3198 2448 3256 praeceffis-

503 3240 755 3292 {etcaeteris
772 3246 1017 3298 Canonicis
1043 3252 1134 3311 post
1150 3271 1251 3301 eum
1271 3257 1316 3302 in
1349 3258 1567 3303 Ordinem
1600 3257 1790 3316 receptis
1828 3291 1842 3310 ,
1873 3257 1938 3302 ita
1972 3262 2217 3318 praecedere
2253 3260 2444 3317 debeat,

506 3305 699 3353 resoluta
718 3313 1048 3369 permutatione
1066 3346 1081 3364 ‚
1117 3317 1298 3377 ipsoque
1318 3317 1499 3378 locumj,
1515 3320 1559 3364 8<
1578 3319 1769 3365 Stallum
1789 3317 1915 3368 suum
1934 3332 2166 3379 repetente
2188 3356 2201 3374 ,
2236 3326 2331 3383 quae
2366 3341 2447 3371 na·

507 3376 610 3438 {pra
625 3369 686 3415 est
701 3372 948 3427 resolutae.
986 3376 1059 3421 vel
1079 3378 1263 3427 resciffae
1298 3379 1643 3441 permutationis
1664 3414 1678 3433 ,
1713 3394 1760 3428 ut
1789 3381 1900 3439 Jura
1935 3397 2260 3446 congregarunt
2292 3389 2438 3448 cujac.

487 3428 664 3485 ‘lb-33·
688 3434 914 3490 observat,
935 3445 1110 3499 cap-28.
1127 3450 1299 3489 Ancon.
1320 3451 1470 3492 Perez
1490 3449 1533 3490 in
1551 3445 1836 3493 Praelefflon.
1860 3448 1917 3492 ad
1934 3449 2023 3492 Tic.
2047 3453 2144 3493 Cod.
2161 3451 2212 3495 de
2230 3458 2447 3512 Rei-,per-

509 3503 622 3557 mm?
643 3506 734 3538 ²²·2·
751 3502 806 3543 Θ
829 3510 865 3549 Ξ.
887 3533 901 3550 ‚
934 3501 975 3545 δι
994 3504 1047 3545 ad
1067 3517 1154 3547 rem
1180 3507 1363 3567 Rigant.
1380 3508 1437 3552 ad
1454 3506 1605 3567 Regul.
1630 3519 1702 3559 40.
1727 3508 1916 3553 cancell.
1932 3523 2049 3555 num.
2072 3521 2149 3561 45·
2167 3510 2302 3564 infin.
2325 3526 2442 3572 prae-

510 3547 659 3595 sertim
678 3569 775 3598 cum
797 3558 1107 3621 hic³regressus
1129 3580 1216 3611 non
1234 3578 1460 3623 competat
1481 3584 1536 3616 ex
1556 3567 1719 3615 Gratia
1737 3603 1750 3622 ,
1772 3569 1810 3612 &
1833 3566 2063 3618 Beneficio
2080 3571 2298 3633 Principis
2325 3607 2337 3627 ‚
2354 3589 2444 3633 quo

506 3610 611 3659 Casu
630 3626 788 3662 necere
806 3634 894 3666 non
917 3623 1053 3682 poffet
1088 3625 1249 3677 seruis
1265 3664 1278 3684 ,
1311 3628 1386 3677 seu
1402 3630 1649 3679 Canonicis
1666 3630 1985 3693 poterion-ibus
2005 3667 2018 3686 ‚
2054 3635 2126 3684 sed
2146 3652 2201 3685 ex
2220 3636 2334 3691 juris
2348 3634 2430 3681 dis-

2267 3695 2388 3760 post·
