<?xml version="1.0" encoding="UTF-8"?>
<!DOCTYPE html PUBLIC "-//W3C//DTD XHTML 1.0 Transitional//EN"
    "http://www.w3.org/TR/xhtml1/DTD/xhtml1-transitional.dtd">
<html xmlns="http://www.w3.org/1999/xhtml" xml:lang="en" lang="en">
 <head>
  <title>
</title>
<meta http-equiv="Content-Type" content="text/html;charset=utf-8" />
  <meta name='ocr-system' content='tesseract 3.04.00' />
  <meta name='ocr-capabilities' content='ocr_page ocr_carea ocr_par ocr_line ocrx_word'/>
</head>
<body>
  <div class='ocr_page' id='page_1' title='image "./thesaurusresolut22cath_0015.png"; bbox 0 0 2571 3961; ppageno 0'>
   <div class='ocr_carea' id='block_1_1' title="bbox 2070 134 2101 184">
    <p class='ocr_par' dir='ltr' id='par_1_1' title="bbox 2070 134 2101 184">
     <span class='ocr_line' id='line_1_1' title="bbox 2070 134 2101 184; baseline 0 0"><span class='ocrx_word' id='word_1_1' title='bbox 2070 134 2101 184; x_wconf 70' lang='lat'>7</span> 
     </span>
    </p>
   </div>
   <div class='ocr_carea' id='block_1_2' title="bbox 99 180 2097 627">
    <p class='ocr_par' dir='ltr' id='par_1_2' title="bbox 138 180 2097 562">
     <span class='ocr_line' id='line_1_2' title="bbox 156 180 2097 247; baseline -0.002 -13"><span class='ocrx_word' id='word_1_2' title='bbox 156 225 190 247; x_wconf 89' lang='lat'>„</span> <span class='ocrx_word' id='word_1_3' title='bbox 221 183 942 236; x_wconf 82' lang='lat' dir='ltr'>haereditatisScacchiSocietati</span> <span class='ocrx_word' id='word_1_4' title='bbox 963 183 1170 231; x_wconf 67' lang='lat' dir='ltr'>concess‘x</span> <span class='ocrx_word' id='word_1_5' title='bbox 1193 218 1207 237; x_wconf 86' lang='lat'>,</span> <span class='ocrx_word' id='word_1_6' title='bbox 1239 180 1451 230; x_wconf 82' lang='lat' dir='ltr'>animose</span> <span class='ocrx_word' id='word_1_7' title='bbox 1487 180 1719 231; x_wconf 81' lang='lat' dir='ltr'>revalendi</span> <span class='ocrx_word' id='word_1_8' title='bbox 1749 198 1803 231; x_wconf 79' lang='lat' dir='ltr'>ex</span> <span class='ocrx_word' id='word_1_9' title='bbox 1837 180 2097 232; x_wconf 71' lang='lat' dir='ltr'>redditibus</span> 
     </span>
     <span class='ocr_line' id='line_1_3' title="bbox 141 246 2097 314; baseline -0.002 -15"><span class='ocrx_word' id='word_1_10' title='bbox 141 291 175 311; x_wconf 83' lang='lat'>‚,</span> <span class='ocrx_word' id='word_1_11' title='bbox 207 252 338 314; x_wconf 86' lang='lat' dir='ltr'>supra</span> <span class='ocrx_word' id='word_1_12' title='bbox 353 248 581 297; x_wconf 79' lang='lat' dir='ltr'>recensitis</span> <span class='ocrx_word' id='word_1_13' title='bbox 599 250 730 302; x_wconf 85' lang='lat' dir='ltr'>&amp;c.‚,</span> <span class='ocrx_word' id='word_1_14' title='bbox 762 249 915 293; x_wconf 84' lang='lat' dir='ltr'>Parati</span> <span class='ocrx_word' id='word_1_15' title='bbox 937 247 1037 295; x_wconf 90' lang='lat' dir='ltr'>sunt</span> <span class='ocrx_word' id='word_1_16' title='bbox 1061 246 1241 294; x_wconf 88' lang='lat' dir='ltr'>Sodales</span> <span class='ocrx_word' id='word_1_17' title='bbox 1278 246 1354 293; x_wconf 86' lang='lat' dir='ltr'>has</span> <span class='ocrx_word' id='word_1_18' title='bbox 1389 248 1508 309; x_wconf 83' lang='lat' dir='ltr'>leges</span> <span class='ocrx_word' id='word_1_19' title='bbox 1528 283 1541 300; x_wconf 94' lang='lat'>‚</span> <span class='ocrx_word' id='word_1_20' title='bbox 1573 247 1615 293; x_wconf 81' lang='grc' dir='ltr'>δι</span> <span class='ocrx_word' id='word_1_21' title='bbox 1651 246 1938 297; x_wconf 88' lang='lat' dir='ltr'>conditiones</span> <span class='ocrx_word' id='word_1_22' title='bbox 1975 249 2097 295; x_wconf 86' lang='lat' dir='ltr'>acci-</span> 
     </span>
     <span class='ocr_line' id='line_1_4' title="bbox 140 307 2095 381; baseline -0.005 -16"><span class='ocrx_word' id='word_1_23' title='bbox 140 332 248 381; x_wconf 85' lang='lat' dir='ltr'>pere</span> <span class='ocrx_word' id='word_1_24' title='bbox 271 349 285 368; x_wconf 85' lang='lat'><strong>,</strong></span> <span class='ocrx_word' id='word_1_25' title='bbox 324 314 366 361; x_wconf 83' lang='lat'>&amp;</span> <span class='ocrx_word' id='word_1_26' title='bbox 384 312 715 374; x_wconf 80' lang='lat' dir='ltr'>obligationem</span> <span class='ocrx_word' id='word_1_27' title='bbox 740 311 951 358; x_wconf 80' lang='lat' dir='ltr'>emittere</span> <span class='ocrx_word' id='word_1_28' title='bbox 968 345 981 363; x_wconf 89' lang='lat'>,</span> <span class='ocrx_word' id='word_1_29' title='bbox 1011 311 1326 374; x_wconf 82' lang='lat' dir='ltr'>disputantque</span> <span class='ocrx_word' id='word_1_30' title='bbox 1343 312 1495 360; x_wconf 90' lang='lat' dir='ltr'>locum</span> <span class='ocrx_word' id='word_1_31' title='bbox 1511 307 1598 359; x_wconf 82' lang='lat' dir='ltr'>esse</span> <span class='ocrx_word' id='word_1_32' title='bbox 1616 309 1774 372; x_wconf 83' lang='lat' dir='ltr'>gratiae</span> <span class='ocrx_word' id='word_1_33' title='bbox 1795 309 1928 364; x_wconf 85' lang='lat' dir='ltr'>huius</span> <span class='ocrx_word' id='word_1_34' title='bbox 1945 310 2095 370; x_wconf 85' lang='lat' dir='ltr'>appli-</span> 
     </span>
     <span class='ocr_line' id='line_1_5' title="bbox 138 371 2092 436; baseline -0.004 -10"><span class='ocrx_word' id='word_1_35' title='bbox 138 377 365 428; x_wconf 83' lang='lat' dir='ltr'>cationis,</span> <span class='ocrx_word' id='word_1_36' title='bbox 401 391 458 422; x_wconf 85' lang='lat' dir='ltr'>ex</span> <span class='ocrx_word' id='word_1_37' title='bbox 476 391 563 436; x_wconf 84' lang='lat' dir='ltr'>qua</span> <span class='ocrx_word' id='word_1_38' title='bbox 578 374 790 436; x_wconf 87' lang='lat' dir='ltr'>pinguius</span> <span class='ocrx_word' id='word_1_39' title='bbox 809 374 1025 434; x_wconf 86' lang='lat' dir='ltr'>impletur</span> <span class='ocrx_word' id='word_1_40' title='bbox 1054 374 1266 422; x_wconf 83' lang='lat' dir='ltr'>voluntas</span> <span class='ocrx_word' id='word_1_41' title='bbox 1309 373 1588 424; x_wconf 87' lang='lat' dir='ltr'>Testatoris,</span> <span class='ocrx_word' id='word_1_42' title='bbox 1626 373 1706 435; x_wconf 86' lang='lat' dir='ltr'>qui</span> <span class='ocrx_word' id='word_1_43' title='bbox 1744 374 1796 418; x_wconf 88' lang='lat' dir='ltr'>de</span> <span class='ocrx_word' id='word_1_44' title='bbox 1832 371 2092 434; x_wconf 76' lang='lat' dir='ltr'>Neophytis</span> 
     </span>
     <span class='ocr_line' id='line_1_6' title="bbox 140 436 2092 501; baseline -0.005 -11"><span class='ocrx_word' id='word_1_45' title='bbox 140 442 318 490; x_wconf 81' lang='lat' dir='ltr'>alendis</span> <span class='ocrx_word' id='word_1_46' title='bbox 336 474 350 493; x_wconf 89' lang='lat'><strong>,</strong></span> <span class='ocrx_word' id='word_1_47' title='bbox 383 441 426 486; x_wconf 80' lang='grc' dir='ltr'>δι</span> <span class='ocrx_word' id='word_1_48' title='bbox 443 442 552 485; x_wconf 89' lang='lat' dir='ltr'>dote</span> <span class='ocrx_word' id='word_1_49' title='bbox 569 436 816 501; x_wconf 59' lang='lat' dir='ltr'>praestanda</span> <span class='ocrx_word' id='word_1_50' title='bbox 835 451 1078 498; x_wconf 81' lang='lat' dir='ltr'>numquam</span> <span class='ocrx_word' id='word_1_51' title='bbox 1092 437 1317 499; x_wconf 88' lang='lat' dir='ltr'>cogitavit</span> <span class='ocrx_word' id='word_1_52' title='bbox 1334 469 1348 483; x_wconf 85' lang='lat'>.</span> <span class='ocrx_word' id='word_1_53' title='bbox 1387 436 1538 484; x_wconf 81' lang='lat' dir='ltr'>Causa</span> <span class='ocrx_word' id='word_1_54' title='bbox 1569 450 1688 488; x_wconf 86' lang='lat' dir='ltr'>nunc</span> <span class='ocrx_word' id='word_1_55' title='bbox 1709 436 1979 497; x_wconf 84' lang='lat' dir='ltr'>proponitur</span> <span class='ocrx_word' id='word_1_56' title='bbox 1995 469 2009 489; x_wconf 90' lang='lat'>,</span> <span class='ocrx_word' id='word_1_57' title='bbox 2041 447 2092 484; x_wconf 84' lang='lat' dir='ltr'>ut</span> 
     </span>
     <span class='ocr_line' id='line_1_7' title="bbox 144 498 1812 562; baseline -0.003 -9"><span class='ocrx_word' id='word_1_58' title='bbox 144 499 502 553; x_wconf 77' lang='lat' dir='ltr'>Eminentissimi</span> <span class='ocrx_word' id='word_1_59' title='bbox 522 500 677 547; x_wconf 85' lang='lat' dir='ltr'>Patres</span> <span class='ocrx_word' id='word_1_60' title='bbox 692 498 842 546; x_wconf 88' lang='lat' dir='ltr'>secum</span> <span class='ocrx_word' id='word_1_61' title='bbox 863 499 1013 546; x_wconf 86' lang='lat' dir='ltr'>animo</span> <span class='ocrx_word' id='word_1_62' title='bbox 1030 511 1250 562; x_wconf 89' lang='lat' dir='ltr'>reputent</span> <span class='ocrx_word' id='word_1_63' title='bbox 1267 535 1281 553; x_wconf 93' lang='lat'>,</span> <span class='ocrx_word' id='word_1_64' title='bbox 1312 499 1523 549; x_wconf 88' lang='lat' dir='ltr'>omnibus</span> <span class='ocrx_word' id='word_1_65' title='bbox 1538 499 1778 560; x_wconf 68' lang='lat' dir='ltr'>perspectis</span> <span class='ocrx_word' id='word_1_66' title='bbox 1796 531 1812 548; x_wconf 87' lang='grc'><strong>.</strong></span> 
     </span>
    </p>

    <p class='ocr_par' dir='ltr' id='par_1_3' title="bbox 99 562 2090 627">
     <span class='ocr_line' id='line_1_8' title="bbox 99 562 2090 627; baseline -0.003 -12"><span class='ocrx_word' id='word_1_67' title='bbox 99 576 163 619; x_wconf 80' lang='lat' dir='ltr'>An</span> <span class='ocrx_word' id='word_1_68' title='bbox 182 568 244 627; x_wconf 83' lang='lat' dir='ltr'>fit</span> <span class='ocrx_word' id='word_1_69' title='bbox 263 564 575 622; x_wconf 83' lang='lat' dir='ltr'>consulendum</span> <span class='ocrx_word' id='word_1_70' title='bbox 599 562 961 625; x_wconf 70' lang='lat' dir='ltr'>SanHiffimopro</span> <span class='ocrx_word' id='word_1_71' title='bbox 986 569 1150 625; x_wconf 84' lang='lat' dir='ltr'>gratia</span> <span class='ocrx_word' id='word_1_72' title='bbox 1172 563 1624 627; x_wconf 77' lang='lat' dir='ltr'>applicationisscut.</span> <span class='ocrx_word' id='word_1_73' title='bbox 1648 571 1787 616; x_wconf 86' lang='lat'><em>2460.</em></span> <span class='ocrx_word' id='word_1_74' title='bbox 1807 564 1883 622; x_wconf 83' lang='grc'>46.</span> <span class='ocrx_word' id='word_1_75' title='bbox 1917 569 1964 613; x_wconf 83' lang='lat' dir='ltr'>in</span> <span class='ocrx_word' id='word_1_76' title='bbox 2004 579 2090 610; x_wconf 69' lang='lat' dir='ltr'><em>ccv·-</em></span> 
     </span>
    </p>
   </div>
   <div class='ocr_carea' id='block_1_3' title="bbox 137 632 1079 809">
    <p class='ocr_par' dir='ltr' id='par_1_4' title="bbox 137 632 1079 809">
     <span class='ocr_line' id='line_1_9' title="bbox 137 632 329 694; baseline -0.026 -15"><span class='ocrx_word' id='word_1_77' title='bbox 137 632 192 694; x_wconf 87' lang='lat' dir='ltr'>su</span> <span class='ocrx_word' id='word_1_78' title='bbox 227 636 329 683; x_wconf 72' lang='lat' dir='ltr'>&amp;c-</span> 
     </span>
     <span class='ocr_line' id='line_1_10' title="bbox 213 746 1079 809; baseline -0.003 -12"><span class='ocrx_word' id='word_1_79' title='bbox 213 756 304 804; x_wconf 76' lang='lat' dir='ltr'>Pro</span> <span class='ocrx_word' id='word_1_80' title='bbox 324 747 491 804; x_wconf 69' lang='lat' dir='ltr'>Gratia</span> <span class='ocrx_word' id='word_1_81' title='bbox 509 746 638 804; x_wconf 85' lang='lat' dir='ltr'>iuxta</span> <span class='ocrx_word' id='word_1_82' title='bbox 656 746 832 794; x_wconf 88' lang='lat' dir='ltr'>Votum</span> <span class='ocrx_word' id='word_1_83' title='bbox 847 746 1048 809; x_wconf 86' lang='lat' dir='ltr'>Episcopi</span> <span class='ocrx_word' id='word_1_84' title='bbox 1063 778 1079 800; x_wconf 81' lang='grc'>,</span> 
     </span>
    </p>
   </div>
   <div class='ocr_carea' id='block_1_4' title="bbox 40 868 2132 3757">
    <p class='ocr_par' dir='ltr' id='par_1_5' title="bbox 126 868 2093 1316">
     <span class='ocr_line' id='line_1_11' title="bbox 218 868 2093 940; baseline 0.001 -14"><span class='ocrx_word' id='word_1_85' title='bbox 218 873 483 934; x_wconf 69' lang='grc' dir='ltr'><strong>ΕΟῌῘΕΝ.</strong></span> <span class='ocrx_word' id='word_1_86' title='bbox 527 868 816 921; x_wconf 82' lang='lat' dir='ltr'><strong>SERVITII</strong></span> <span class='ocrx_word' id='word_1_87' title='bbox 850 869 1048 922; x_wconf 89' lang='lat' dir='ltr'>SUPER</span> <span class='ocrx_word' id='word_1_88' title='bbox 1081 876 1394 925; x_wconf 82' lang='lat' dir='ltr'>SALARIO:</span> <span class='ocrx_word' id='word_1_89' title='bbox 1448 879 1624 940; x_wconf 84' lang='lat' dir='ltr'>Species</span> <span class='ocrx_word' id='word_1_90' title='bbox 1673 880 1803 937; x_wconf 76' lang='lat' dir='ltr'>hujus</span> <span class='ocrx_word' id='word_1_91' title='bbox 1828 880 1984 927; x_wconf 84' lang='lat' dir='ltr'>Causae</span> <span class='ocrx_word' id='word_1_92' title='bbox 2018 894 2093 928; x_wconf 81' lang='lat' dir='ltr'>re·</span> 
     </span>
     <span class='ocr_line' id='line_1_12' title="bbox 230 933 2089 1005; baseline 0.003 -22"><span class='ocrx_word' id='word_1_93' title='bbox 230 939 424 1004; x_wconf 62' lang='lat' dir='ltr'>petenda</span> <span class='ocrx_word' id='word_1_94' title='bbox 439 933 500 990; x_wconf 79' lang='lat' dir='ltr'>est</span> <span class='ocrx_word' id='word_1_95' title='bbox 519 949 574 982; x_wconf 86' lang='lat' dir='ltr'>ex</span> <span class='ocrx_word' id='word_1_96' title='bbox 593 936 1110 1004; x_wconf 36' lang='lat' dir='ltr'>Folio-Concregationis</span> <span class='ocrx_word' id='word_1_97' title='bbox 1124 939 1286 988; x_wconf 87' lang='lat' dir='ltr'>habitae</span> <span class='ocrx_word' id='word_1_98' title='bbox 1315 944 1386 989; x_wconf 83' lang='lat' dir='ltr'>die</span> <span class='ocrx_word' id='word_1_99' title='bbox 1416 957 1485 1002; x_wconf 86' lang='lat'>¹9·</span> <span class='ocrx_word' id='word_1_100' title='bbox 1515 947 1657 1002; x_wconf 45' lang='lat' dir='ltr'>ejunii</span> <span class='ocrx_word' id='word_1_101' title='bbox 1702 954 1853 1005; x_wconf 59' lang='lat'>1751„</span> <span class='ocrx_word' id='word_1_102' title='bbox 1886 959 1972 1004; x_wconf 85' lang='lat' dir='ltr'>qua</span> <span class='ocrx_word' id='word_1_103' title='bbox 2015 942 2089 988; x_wconf 87' lang='lat' dir='ltr'>die</span> 
     </span>
     <span class='ocr_line' id='line_1_13' title="bbox 145 998 2084 1071; baseline -0.002 -18"><span class='ocrx_word' id='word_1_104' title='bbox 145 1003 378 1071; x_wconf 71' lang='lat' dir='ltr'>propositis</span> <span class='ocrx_word' id='word_1_105' title='bbox 392 999 565 1055; x_wconf 71' lang='lat' dir='ltr'>duobus</span> <span class='ocrx_word' id='word_1_106' title='bbox 585 998 784 1055; x_wconf 75' lang='lat' dir='ltr'>Dub1182</span> <span class='ocrx_word' id='word_1_107' title='bbox 831 1031 854 1052; x_wconf 75' lang='lat'>¹·</span> <span class='ocrx_word' id='word_1_108' title='bbox 875 1007 953 1044; x_wconf 73' lang='lat' dir='ltr'>Aa</span> <span class='ocrx_word' id='word_1_109' title='bbox 978 1005 1136 1061; x_wconf 63' lang='lat' dir='ltr'>RecJor</span> <span class='ocrx_word' id='word_1_110' title='bbox 1160 1001 1369 1059; x_wconf 81' lang='lat' dir='ltr'>Beneficii</span> <span class='ocrx_word' id='word_1_111' title='bbox 1387 1007 1528 1054; x_wconf 57' lang='lat' dir='ltr'>erecti</span> <span class='ocrx_word' id='word_1_112' title='bbox 1543 1009 1600 1052; x_wconf 78' lang='lat' dir='ltr'>ad</span> <span class='ocrx_word' id='word_1_113' title='bbox 1627 1007 1799 1054; x_wconf 71' lang='lat' dir='ltr'>..Altare</span> <span class='ocrx_word' id='word_1_114' title='bbox 1845 1014 1890 1052; x_wconf 82' lang='lat' dir='ltr'>S·</span> <span class='ocrx_word' id='word_1_115' title='bbox 1912 1007 2084 1053; x_wconf 81' lang='lat' dir='ltr'>Leode-</span> 
     </span>
     <span class='ocr_line' id='line_1_14' title="bbox 135 1061 2087 1132; baseline 0 -17"><span class='ocrx_word' id='word_1_116' title='bbox 135 1070 268 1132; x_wconf 86' lang='lat' dir='ltr'>garii</span> <span class='ocrx_word' id='word_1_117' title='bbox 283 1066 479 1132; x_wconf 63' lang='lat' dir='ltr'>secundae</span> <span class='ocrx_word' id='word_1_118' title='bbox 494 1063 782 1122; x_wconf 81' lang='lat' dir='ltr'>fundationis</span> <span class='ocrx_word' id='word_1_119' title='bbox 801 1064 846 1108; x_wconf 90' lang='lat' dir='ltr'>in</span> <span class='ocrx_word' id='word_1_120' title='bbox 870 1061 1115 1125; x_wconf 73' lang='lat' dir='ltr'>collegiata</span> <span class='ocrx_word' id='word_1_121' title='bbox 1136 1066 1325 1123; x_wconf 79' lang='lat' dir='ltr'>,Ecclesia</span> <span class='ocrx_word' id='word_1_122' title='bbox 1346 1075 1387 1114; x_wconf 84' lang='lat' dir='ltr'>S.</span> <span class='ocrx_word' id='word_1_123' title='bbox 1408 1072 1607 1117; x_wconf 80' lang='lat' dir='ltr'>Martini</span> <span class='ocrx_word' id='word_1_124' title='bbox 1626 1071 1857 1120; x_wconf 75' lang='lat' dir='ltr'>Civitatis</span> <span class='ocrx_word' id='word_1_125' title='bbox 1883 1071 2087 1116; x_wconf 76' lang='lat' dir='ltr'>Leodien.</span> 
     </span>
     <span class='ocr_line' id='line_1_15' title="bbox 140 1122 2084 1192; baseline 0.002 -21"><span class='ocrx_word' id='word_1_126' title='bbox 140 1141 353 1186; x_wconf 56' lang='lat' dir='ltr'>teneatur</span> <span class='ocrx_word' id='word_1_127' title='bbox 368 1125 618 1188; x_wconf 79' lang='lat' dir='ltr'>adimplere</span> <span class='ocrx_word' id='word_1_128' title='bbox 635 1140 796 1181; x_wconf 78' lang='lat' dir='ltr'>munus</span> <span class='ocrx_word' id='word_1_129' title='bbox 814 1122 1166 1176; x_wconf 76' lang='lat' dir='ltr'>Hebdomadarii</span> <span class='ocrx_word' id='word_1_130' title='bbox 1181 1131 1307 1185; x_wconf 60' lang='lat' dir='ltr'>‹1153ae</span> <span class='ocrx_word' id='word_1_131' title='bbox 1343 1129 1537 1186; x_wconf 78' lang='lat' dir='ltr'>Ecclesiae</span> <span class='ocrx_word' id='word_1_132' title='bbox 1569 1132 1822 1192; x_wconf 67' lang='lat' dir='ltr'>collegiatae</span> <span class='ocrx_word' id='word_1_133' title='bbox 1842 1131 1862 1177; x_wconf 79' lang='lat'>3</span> <span class='ocrx_word' id='word_1_134' title='bbox 1901 1131 1942 1176; x_wconf 74' lang='grc' dir='ltr'>ὅτ</span> <span class='ocrx_word' id='word_1_135' title='bbox 1971 1144 2084 1192; x_wconf 85' lang='lat' dir='ltr'>qua-</span> 
     </span>
     <span class='ocr_line' id='line_1_16' title="bbox 137 1185 2086 1260; baseline -0.001 -20"><span class='ocrx_word' id='word_1_136' title='bbox 137 1204 268 1245; x_wconf 80' lang='lat' dir='ltr'>tenus</span> <span class='ocrx_word' id='word_1_137' title='bbox 291 1188 563 1255; x_wconf 67' lang='lat' dir='ltr'>affirmative</span> <span class='ocrx_word' id='word_1_138' title='bbox 583 1224 595 1241; x_wconf 84' lang='lat'><em>.</em></span> <span class='ocrx_word' id='word_1_139' title='bbox 631 1185 691 1241; x_wconf 79' lang='lat' dir='ltr'>II.</span> <span class='ocrx_word' id='word_1_140' title='bbox 715 1192 793 1260; x_wconf 40' lang='lat' dir='ltr'>..An</span> <span class='ocrx_word' id='word_1_141' title='bbox 807 1191 1024 1236; x_wconf 78' lang='lat' dir='ltr'>Hem-icus</span> <span class='ocrx_word' id='word_1_142' title='bbox 1048 1189 1306 1246; x_wconf 75' lang='lat' dir='ltr'>Eustachius</span> <span class='ocrx_word' id='word_1_143' title='bbox 1329 1195 1500 1240; x_wconf 83' lang='lat' dir='ltr'>corroii</span> <span class='ocrx_word' id='word_1_144' title='bbox 1534 1193 1724 1253; x_wconf 79' lang='lat' dir='ltr'>ejusdem</span> <span class='ocrx_word' id='word_1_145' title='bbox 1761 1193 2086 1255; x_wconf 67' lang='lat' dir='ltr'>Beneficispos-</span> 
     </span>
     <span class='ocr_line' id='line_1_17' title="bbox 126 1251 2086 1316; baseline 0.002 -16"><span class='ocrx_word' id='word_1_146' title='bbox 126 1253 263 1316; x_wconf 69' lang='lat' dir='ltr'>fi’ffor</span> <span class='ocrx_word' id='word_1_147' title='bbox 282 1254 863 1314; x_wconf 78' lang='lat' dir='ltr'>incurrerctprivattonem</span> <span class='ocrx_word' id='word_1_148' title='bbox 887 1253 998 1298; x_wconf 66' lang='lat' dir='ltr'>dim</span> <span class='ocrx_word' id='word_1_149' title='bbox 1016 1251 1228 1308; x_wconf 84' lang='lat' dir='ltr'>Beneficii</span> <span class='ocrx_word' id='word_1_150' title='bbox 1247 1257 1304 1300; x_wconf 82' lang='lat' dir='ltr'>ad</span> <span class='ocrx_word' id='word_1_151' title='bbox 1316 1255 1512 1313; x_wconf 82' lang='lat' dir='ltr'>formam</span> <span class='ocrx_word' id='word_1_152' title='bbox 1539 1258 1783 1308; x_wconf 77' lang='lat' dir='ltr'>literarum</span> <span class='ocrx_word' id='word_1_153' title='bbox 1816 1257 2086 1308; x_wconf 57' lang='lat' dir='ltr'>⁸Alexandri</span> 
     </span>
    </p>

    <p class='ocr_par' dir='ltr' id='par_1_6' title="bbox 73 1312 2083 1880">
     <span class='ocr_line' id='line_1_18' title="bbox 73 1312 2082 1377; baseline 0.002 -15"><span class='ocrx_word' id='word_1_154' title='bbox 73 1325 84 1354; x_wconf 71' lang='grc' dir='ltr'>τ’</span> <span class='ocrx_word' id='word_1_155' title='bbox 137 1323 214 1366; x_wconf 86' lang='lat' dir='ltr'>VI.</span> <span class='ocrx_word' id='word_1_156' title='bbox 231 1352 245 1371; x_wconf 86' lang='lat'>,</span> <span class='ocrx_word' id='word_1_157' title='bbox 276 1320 402 1366; x_wconf 80' lang='lat' dir='ltr'>itaut</span> <span class='ocrx_word' id='word_1_158' title='bbox 416 1319 559 1366; x_wconf 86' lang='lat' dir='ltr'>liceat</span> <span class='ocrx_word' id='word_1_159' title='bbox 581 1312 784 1374; x_wconf 73' lang='lat' dir='ltr'>capitulo</span> <span class='ocrx_word' id='word_1_160' title='bbox 804 1315 945 1361; x_wconf 79' lang='lat' dir='ltr'>alium</span> <span class='ocrx_word' id='word_1_161' title='bbox 961 1316 1235 1377; x_wconf 79' lang='lat' dir='ltr'>praesentare</span> <span class='ocrx_word' id='word_1_162' title='bbox 1259 1351 1272 1368; x_wconf 85' lang='lat'><strong>,</strong></span> <span class='ocrx_word' id='word_1_163' title='bbox 1312 1324 1369 1366; x_wconf 50' lang='grc' dir='ltr'>ἕν</span> <span class='ocrx_word' id='word_1_164' title='bbox 1387 1325 1566 1365; x_wconf 84' lang='lat' dir='ltr'>Decano</span> <span class='ocrx_word' id='word_1_165' title='bbox 1600 1321 1734 1367; x_wconf 80' lang='lat' dir='ltr'>illum</span> <span class='ocrx_word' id='word_1_166' title='bbox 1767 1318 2004 1371; x_wconf 67' lang='lat' dir='ltr'>instituere</span> <span class='ocrx_word' id='word_1_167' title='bbox 2038 1320 2082 1365; x_wconf 83' lang='lat' dir='ltr'>in</span> 
     </span>
     <span class='ocr_line' id='line_1_19' title="bbox 135 1374 2083 1442; baseline 0.001 -15"><span class='ocrx_word' id='word_1_168' title='bbox 135 1381 238 1439; x_wconf 84' lang='lat' dir='ltr'>casu</span> <span class='ocrx_word' id='word_1_169' title='bbox 257 1386 356 1438; x_wconf 61' lang='lat' dir='ltr'>&amp;a</span> <span class='ocrx_word' id='word_1_170' title='bbox 373 1375 625 1439; x_wconf 82' lang='lat' dir='ltr'>Respondit</span> <span class='ocrx_word' id='word_1_171' title='bbox 639 1374 822 1422; x_wconf 85' lang='lat' dir='ltr'>Sacrum</span> <span class='ocrx_word' id='word_1_172' title='bbox 848 1375 1083 1423; x_wconf 85' lang='lat' dir='ltr'>Tribunal</span> <span class='ocrx_word' id='word_1_173' title='bbox 1104 1395 1116 1428; x_wconf 73' lang='grc' dir='ltr'>ς</span> <span class='ocrx_word' id='word_1_174' title='bbox 1154 1382 1235 1426; x_wconf 71' lang='lat' dir='ltr'>Ad</span> <span class='ocrx_word' id='word_1_175' title='bbox 1254 1385 1286 1422; x_wconf 91' lang='lat' dir='ltr'>I.</span> <span class='ocrx_word' id='word_1_176' title='bbox 1307 1379 1600 1438; x_wconf 67' lang='lat' dir='ltr'>Affirmatt&#39;ve</span> <span class='ocrx_word' id='word_1_177' title='bbox 1619 1413 1632 1428; x_wconf 87' lang='lat'><em>.</em></span> <span class='ocrx_word' id='word_1_178' title='bbox 1663 1383 1741 1426; x_wconf 76' lang='lat' dir='ltr'>Ad</span> <span class='ocrx_word' id='word_1_179' title='bbox 1779 1386 1840 1428; x_wconf 87' lang='lat' dir='ltr'>II.</span> <span class='ocrx_word' id='word_1_180' title='bbox 1870 1384 2083 1442; x_wconf 83' lang='lat' dir='ltr'>‘Negati-</span> 
     </span>
     <span class='ocr_line' id='line_1_20' title="bbox 133 1439 2081 1506; baseline -0.001 -16"><span class='ocrx_word' id='word_1_181' title='bbox 133 1457 194 1490; x_wconf 57' lang='grc' dir='ltr'>’νε</span> <span class='ocrx_word' id='word_1_182' title='bbox 214 1475 228 1495; x_wconf 90' lang='grc'><strong><em>,</em></strong></span> <span class='ocrx_word' id='word_1_183' title='bbox 259 1447 319 1496; x_wconf 61' lang='lat' dir='ltr'>i&amp;</span> <span class='ocrx_word' id='word_1_184' title='bbox 338 1444 537 1506; x_wconf 85' lang='lat' dir='ltr'>amplius</span> <span class='ocrx_word' id='word_1_185' title='bbox 557 1443 604 1487; x_wconf 86' lang='lat' dir='ltr'>in</span> <span class='ocrx_word' id='word_1_186' title='bbox 622 1451 814 1500; x_wconf 71' lang='lat' dir='ltr'>utroque</span> <span class='ocrx_word' id='word_1_187' title='bbox 831 1469 846 1484; x_wconf 86' lang='lat'><strong>.</strong></span> <span class='ocrx_word' id='word_1_188' title='bbox 882 1439 976 1485; x_wconf 76' lang='lat' dir='ltr'>Post</span> <span class='ocrx_word' id='word_1_189' title='bbox 990 1439 1086 1486; x_wconf 86' lang='lat' dir='ltr'>haec</span> <span class='ocrx_word' id='word_1_190' title='bbox 1100 1439 1374 1501; x_wconf 87' lang='lat' dir='ltr'>Capitulum</span> <span class='ocrx_word' id='word_1_191' title='bbox 1410 1455 1488 1500; x_wconf 85' lang='lat' dir='ltr'>pro</span> <span class='ocrx_word' id='word_1_192' title='bbox 1519 1442 1837 1489; x_wconf 84' lang='lat' dir='ltr'>observatione</span> <span class='ocrx_word' id='word_1_193' title='bbox 1858 1479 1869 1494; x_wconf 82' lang='grc'>,</span> <span class='ocrx_word' id='word_1_194' title='bbox 1903 1443 1943 1488; x_wconf 72' lang='grc' dir='ltr'>ὅ(</span> <span class='ocrx_word' id='word_1_195' title='bbox 1965 1459 2081 1488; x_wconf 87' lang='lat' dir='ltr'>exe·</span> 
     </span>
     <span class='ocr_line' id='line_1_21' title="bbox 127 1499 2080 1565; baseline 0.001 -15"><span class='ocrx_word' id='word_1_196' title='bbox 127 1503 344 1565; x_wconf 84' lang='lat' dir='ltr'>quutione</span> <span class='ocrx_word' id='word_1_197' title='bbox 362 1505 491 1562; x_wconf 84' lang='lat' dir='ltr'>hujus</span> <span class='ocrx_word' id='word_1_198' title='bbox 506 1499 696 1562; x_wconf 82' lang='lat' dir='ltr'>responsi</span> <span class='ocrx_word' id='word_1_199' title='bbox 720 1501 1021 1555; x_wconf 87' lang='lat' dir='ltr'>Monitorium</span> <span class='ocrx_word' id='word_1_200' title='bbox 1042 1503 1268 1564; x_wconf 84' lang='lat' dir='ltr'>expedivit</span> <span class='ocrx_word' id='word_1_201' title='bbox 1293 1502 1336 1548; x_wconf 89' lang='lat' dir='ltr'>in</span> <span class='ocrx_word' id='word_1_202' title='bbox 1357 1502 1603 1550; x_wconf 83' lang='lat' dir='ltr'>Tribunali</span> <span class='ocrx_word' id='word_1_203' title='bbox 1648 1507 1702 1551; x_wconf 88' lang='lat' dir='ltr'>A.</span> <span class='ocrx_word' id='word_1_204' title='bbox 1724 1503 1766 1551; x_wconf 93' lang='lat' dir='ltr'>C</span> <span class='ocrx_word' id='word_1_205' title='bbox 1822 1505 2080 1557; x_wconf 61' lang='lat' dir='ltr'>Ati-{enri-</span> 
     </span>
     <span class='ocr_line' id='line_1_22' title="bbox 126 1563 2080 1628; baseline 0 -14"><span class='ocrx_word' id='word_1_206' title='bbox 126 1581 207 1614; x_wconf 87' lang='lat' dir='ltr'>cus</span> <span class='ocrx_word' id='word_1_207' title='bbox 227 1567 489 1619; x_wconf 77' lang='lat' dir='ltr'>Eustachius</span> <span class='ocrx_word' id='word_1_208' title='bbox 504 1563 740 1611; x_wconf 88' lang='lat' dir='ltr'>Corroiius</span> <span class='ocrx_word' id='word_1_209' title='bbox 754 1564 905 1612; x_wconf 83' lang='lat' dir='ltr'>adhuc</span> <span class='ocrx_word' id='word_1_210' title='bbox 921 1563 1154 1612; x_wconf 83' lang='lat' dir='ltr'>servitium</span> <span class='ocrx_word' id='word_1_211' title='bbox 1172 1565 1377 1628; x_wconf 60' lang='lat' dir='ltr'>prestare</span> <span class='ocrx_word' id='word_1_212' title='bbox 1400 1566 1634 1626; x_wconf 74' lang='lat' dir='ltr'>neglexit,</span> <span class='ocrx_word' id='word_1_213' title='bbox 1667 1566 1820 1616; x_wconf 88' lang='lat' dir='ltr'>emissa</span> <span class='ocrx_word' id='word_1_214' title='bbox 1859 1578 1983 1628; x_wconf 91' lang='lat' dir='ltr'>prote</span> <span class='ocrx_word' id='word_1_215' title='bbox 1993 1568 2080 1614; x_wconf 88' lang='lat' dir='ltr'>sta·-</span> 
     </span>
     <span class='ocr_line' id='line_1_23' title="bbox 128 1624 2080 1691; baseline 0 -16"><span class='ocrx_word' id='word_1_216' title='bbox 128 1631 291 1688; x_wconf 75' lang='lat' dir='ltr'>tione,</span> <span class='ocrx_word' id='word_1_217' title='bbox 316 1645 401 1690; x_wconf 84' lang='lat' dir='ltr'>qua</span> <span class='ocrx_word' id='word_1_218' title='bbox 424 1626 639 1680; x_wconf 86' lang='lat' dir='ltr'>salarium</span> <span class='ocrx_word' id='word_1_219' title='bbox 663 1624 745 1672; x_wconf 87' lang='lat' dir='ltr'>fibi</span> <span class='ocrx_word' id='word_1_220' title='bbox 785 1626 938 1681; x_wconf 87' lang='lat' dir='ltr'>deberi</span> <span class='ocrx_word' id='word_1_221' title='bbox 981 1631 1304 1680; x_wconf 84' lang='lat' dir='ltr'>contendebat.</span> <span class='ocrx_word' id='word_1_222' title='bbox 1345 1626 1508 1674; x_wconf 90' lang='lat' dir='ltr'>Rediit</span> <span class='ocrx_word' id='word_1_223' title='bbox 1538 1630 1679 1691; x_wconf 83' lang='lat' dir='ltr'>igitur</span> <span class='ocrx_word' id='word_1_224' title='bbox 1715 1630 1991 1691; x_wconf 86' lang='lat' dir='ltr'>Capitulum</span> <span class='ocrx_word' id='word_1_225' title='bbox 2027 1633 2080 1681; x_wconf 86' lang='lat' dir='ltr'>ad</span> 
     </span>
     <span class='ocr_line' id='line_1_24' title="bbox 129 1689 2077 1753; baseline 0 -16"><span class='ocrx_word' id='word_1_226' title='bbox 129 1689 512 1745; x_wconf 81' lang='lat' dir='ltr'>Eminentiffimos</span> <span class='ocrx_word' id='word_1_227' title='bbox 533 1690 684 1740; x_wconf 86' lang='lat' dir='ltr'>Patres</span> <span class='ocrx_word' id='word_1_228' title='bbox 703 1701 858 1749; x_wconf 88' lang='lat' dir='ltr'>petens</span> <span class='ocrx_word' id='word_1_229' title='bbox 881 1691 1285 1753; x_wconf 84' lang='lat' dir='ltr'>reintegrationem</span> <span class='ocrx_word' id='word_1_230' title='bbox 1323 1690 1476 1737; x_wconf 88' lang='lat' dir='ltr'>salarii</span> <span class='ocrx_word' id='word_1_231' title='bbox 1495 1727 1509 1745; x_wconf 95' lang='lat'>,</span> <span class='ocrx_word' id='word_1_232' title='bbox 1541 1693 1666 1753; x_wconf 86' lang='lat' dir='ltr'>quod</span> <span class='ocrx_word' id='word_1_233' title='bbox 1698 1694 1752 1738; x_wconf 85' lang='lat' dir='ltr'>ab</span> <span class='ocrx_word' id='word_1_234' title='bbox 1782 1709 1901 1740; x_wconf 89' lang='lat' dir='ltr'>anno</span> <span class='ocrx_word' id='word_1_235' title='bbox 1945 1704 2077 1753; x_wconf 63' lang='lat'>1735.</span> 
     </span>
     <span class='ocr_line' id='line_1_25' title="bbox 127 1753 2079 1819; baseline 0.001 -18"><span class='ocrx_word' id='word_1_236' title='bbox 127 1753 336 1816; x_wconf 81' lang='lat' dir='ltr'>praestitit</span> <span class='ocrx_word' id='word_1_237' title='bbox 353 1754 622 1807; x_wconf 86' lang='lat' dir='ltr'>Sacerdoti,</span> <span class='ocrx_word' id='word_1_238' title='bbox 645 1753 722 1813; x_wconf 90' lang='lat' dir='ltr'>qui</span> <span class='ocrx_word' id='word_1_239' title='bbox 741 1753 924 1800; x_wconf 88' lang='lat' dir='ltr'>Corroii</span> <span class='ocrx_word' id='word_1_240' title='bbox 942 1753 1064 1801; x_wconf 89' lang='lat' dir='ltr'>vices</span> <span class='ocrx_word' id='word_1_241' title='bbox 1085 1756 1297 1819; x_wconf 84' lang='lat' dir='ltr'>implevit</span> <span class='ocrx_word' id='word_1_242' title='bbox 1318 1787 1329 1800; x_wconf 89' lang='lat'><strong>.</strong></span> <span class='ocrx_word' id='word_1_243' title='bbox 1350 1753 1473 1805; x_wconf 85' lang='lat' dir='ltr'>Hinc</span> <span class='ocrx_word' id='word_1_244' title='bbox 1486 1755 1694 1812; x_wconf 64' lang='lat' dir='ltr'>collectis</span> <span class='ocrx_word' id='word_1_245' title='bbox 1720 1755 1957 1818; x_wconf 90' lang='lat' dir='ltr'>utriusque</span> <span class='ocrx_word' id='word_1_246' title='bbox 1970 1754 2079 1807; x_wconf 84' lang='lat' dir='ltr'>Par-</span> 
     </span>
     <span class='ocr_line' id='line_1_26' title="bbox 129 1815 1254 1880; baseline 0 -17"><span class='ocrx_word' id='word_1_247' title='bbox 129 1816 188 1865; x_wconf 87' lang='lat' dir='ltr'>tis</span> <span class='ocrx_word' id='word_1_248' title='bbox 206 1815 571 1880; x_wconf 82' lang='lat' dir='ltr'>praetensionibus</span> <span class='ocrx_word' id='word_1_249' title='bbox 591 1853 604 1871; x_wconf 88' lang='lat'>,</span> <span class='ocrx_word' id='word_1_250' title='bbox 639 1815 788 1863; x_wconf 86' lang='lat' dir='ltr'>Causa</span> <span class='ocrx_word' id='word_1_251' title='bbox 808 1831 928 1864; x_wconf 89' lang='lat' dir='ltr'>nunc</span> <span class='ocrx_word' id='word_1_252' title='bbox 949 1817 1224 1879; x_wconf 86' lang='lat' dir='ltr'>proponitur</span> <span class='ocrx_word' id='word_1_253' title='bbox 1243 1851 1254 1863; x_wconf 93' lang='lat'>.</span> 
     </span>
    </p>

    <p class='ocr_par' dir='ltr' id='par_1_7' title="bbox 65 1876 2076 2133">
     <span class='ocr_line' id='line_1_27' title="bbox 65 1876 2074 1947; baseline 0 -20"><span class='ocrx_word' id='word_1_254' title='bbox 65 1876 290 1939; x_wconf 85' lang='lat' dir='ltr'>Disputat</span> <span class='ocrx_word' id='word_1_255' title='bbox 308 1880 576 1947; x_wconf 84' lang='lat' dir='ltr'>Capitulum</span> <span class='ocrx_word' id='word_1_256' title='bbox 591 1878 716 1928; x_wconf 88' lang='lat' dir='ltr'>nulla</span> <span class='ocrx_word' id='word_1_257' title='bbox 732 1881 902 1925; x_wconf 87' lang='lat' dir='ltr'>ratione</span> <span class='ocrx_word' id='word_1_258' title='bbox 915 1878 1193 1934; x_wconf 85' lang='lat' dir='ltr'>Corroiium</span> <span class='ocrx_word' id='word_1_259' title='bbox 1224 1891 1371 1941; x_wconf 86' lang='lat' dir='ltr'>petere</span> <span class='ocrx_word' id='word_1_260' title='bbox 1405 1880 1522 1944; x_wconf 82' lang='lat' dir='ltr'>poss&#39;e</span> <span class='ocrx_word' id='word_1_261' title='bbox 1554 1882 1880 1941; x_wconf 80' lang='lat' dir='ltr'>praestationem</span> <span class='ocrx_word' id='word_1_262' title='bbox 1922 1879 2074 1928; x_wconf 88' lang='lat' dir='ltr'>salarii</span> 
     </span>
     <span class='ocr_line' id='line_1_28' title="bbox 129 1942 2074 2008; baseline -0.001 -17"><span class='ocrx_word' id='word_1_263' title='bbox 129 1944 238 2007; x_wconf 85' lang='lat' dir='ltr'>quia</span> <span class='ocrx_word' id='word_1_264' title='bbox 252 1959 364 1991; x_wconf 89' lang='lat' dir='ltr'>onus</span> <span class='ocrx_word' id='word_1_265' title='bbox 382 1944 600 2008; x_wconf 85' lang='lat' dir='ltr'>explendi</span> <span class='ocrx_word' id='word_1_266' title='bbox 621 1957 783 1990; x_wconf 86' lang='lat' dir='ltr'>munus</span> <span class='ocrx_word' id='word_1_267' title='bbox 801 1943 1151 1997; x_wconf 74' lang='lat' dir='ltr'>Hebdomadarii</span> <span class='ocrx_word' id='word_1_268' title='bbox 1169 1947 1389 1998; x_wconf 87' lang='lat' dir='ltr'>adnexum</span> <span class='ocrx_word' id='word_1_269' title='bbox 1408 1946 1460 1994; x_wconf 85' lang='lat' dir='ltr'>fit</span> <span class='ocrx_word' id='word_1_270' title='bbox 1478 1944 1707 1995; x_wconf 84' lang='lat' dir='ltr'>Beneficio</span> <span class='ocrx_word' id='word_1_271' title='bbox 1731 1946 1776 1991; x_wconf 90' lang='lat' dir='ltr'>S.</span> <span class='ocrx_word' id='word_1_272' title='bbox 1800 1942 2074 2006; x_wconf 88' lang='lat' dir='ltr'>Leodegarii</span> 
     </span>
     <span class='ocr_line' id='line_1_29' title="bbox 127 2003 2076 2072; baseline -0.001 -18"><span class='ocrx_word' id='word_1_273' title='bbox 127 2007 326 2062; x_wconf 71' lang='lat' dir='ltr'>secunda:</span> <span class='ocrx_word' id='word_1_274' title='bbox 354 2005 629 2060; x_wconf 80' lang='lat' dir='ltr'>fundationis</span> <span class='ocrx_word' id='word_1_275' title='bbox 651 2040 664 2059; x_wconf 88' lang='lat'><strong>,</strong></span> <span class='ocrx_word' id='word_1_276' title='bbox 698 2005 821 2066; x_wconf 90' lang='lat' dir='ltr'>quod</span> <span class='ocrx_word' id='word_1_277' title='bbox 860 2003 1041 2066; x_wconf 85' lang='lat' dir='ltr'>poffidet</span> <span class='ocrx_word' id='word_1_278' title='bbox 1077 2006 1316 2060; x_wconf 84' lang='lat' dir='ltr'>Corroiius</span> <span class='ocrx_word' id='word_1_279' title='bbox 1337 2039 1351 2059; x_wconf 83' lang='lat'><strong>,</strong></span> <span class='ocrx_word' id='word_1_280' title='bbox 1389 2009 1583 2072; x_wconf 90' lang='lat' dir='ltr'>ideoque</span> <span class='ocrx_word' id='word_1_281' title='bbox 1609 2044 1622 2063; x_wconf 93' lang='lat'><strong><em>,</em></strong></span> <span class='ocrx_word' id='word_1_282' title='bbox 1654 2025 1757 2058; x_wconf 84' lang='lat' dir='ltr'>curn</span> <span class='ocrx_word' id='word_1_283' title='bbox 1782 2008 1945 2055; x_wconf 61' lang='lat' dir='ltr'>fruitus</span> <span class='ocrx_word' id='word_1_284' title='bbox 1968 2041 1981 2058; x_wconf 92' lang='lat'>,</span> <span class='ocrx_word' id='word_1_285' title='bbox 2032 2008 2076 2054; x_wconf 86' lang='lat'>&amp;</span> 
     </span>
     <span class='ocr_line' id='line_1_30' title="bbox 127 2067 2076 2133; baseline 0.001 -17"><span class='ocrx_word' id='word_1_286' title='bbox 127 2070 432 2123; x_wconf 87' lang='lat' dir='ltr'>emolumenta</span> <span class='ocrx_word' id='word_1_287' title='bbox 469 2069 686 2121; x_wconf 86' lang='lat' dir='ltr'>Beneficii</span> <span class='ocrx_word' id='word_1_288' title='bbox 704 2067 963 2132; x_wconf 87' lang='lat' dir='ltr'>percipiat,</span> <span class='ocrx_word' id='word_1_289' title='bbox 998 2068 1211 2133; x_wconf 88' lang='lat' dir='ltr'>illiusque</span> <span class='ocrx_word' id='word_1_290' title='bbox 1240 2085 1378 2118; x_wconf 86' lang='lat' dir='ltr'>onera</span> <span class='ocrx_word' id='word_1_291' title='bbox 1407 2072 1523 2129; x_wconf 87' lang='lat' dir='ltr'>ferre</span> <span class='ocrx_word' id='word_1_292' title='bbox 1553 2073 1745 2126; x_wconf 88' lang='lat' dir='ltr'>debeat,</span> <span class='ocrx_word' id='word_1_293' title='bbox 1787 2085 1931 2132; x_wconf 89' lang='lat' dir='ltr'>neque</span> <span class='ocrx_word' id='word_1_294' title='bbox 1951 2068 2076 2117; x_wconf 86' lang='lat' dir='ltr'>sala-</span> 
     </span>
    </p>

    <p class='ocr_par' dir='ltr' id='par_1_8' title="bbox 76 2129 2079 2513">
     <span class='ocr_line' id='line_1_31' title="bbox 76 2129 2079 2196; baseline -0.001 -15"><span class='ocrx_word' id='word_1_295' title='bbox 76 2146 88 2150; x_wconf 54' lang='lat'><em>*</em></span> <span class='ocrx_word' id='word_1_296' title='bbox 124 2134 245 2181; x_wconf 84' lang='lat' dir='ltr'>rium</span> <span class='ocrx_word' id='word_1_297' title='bbox 264 2134 408 2188; x_wconf 83' lang='lat' dir='ltr'>ullum</span> <span class='ocrx_word' id='word_1_298' title='bbox 425 2146 579 2196; x_wconf 87' lang='lat' dir='ltr'>petere</span> <span class='ocrx_word' id='word_1_299' title='bbox 594 2131 719 2195; x_wconf 87' lang='lat' dir='ltr'>poffit</span> <span class='ocrx_word' id='word_1_300' title='bbox 740 2167 755 2186; x_wconf 91' lang='lat'>,</span> <span class='ocrx_word' id='word_1_301' title='bbox 802 2146 909 2180; x_wconf 88' lang='lat' dir='ltr'>cum</span> <span class='ocrx_word' id='word_1_302' title='bbox 933 2130 1094 2181; x_wconf 64' lang='lat' dir='ltr'>fructus</span> <span class='ocrx_word' id='word_1_303' title='bbox 1109 2169 1122 2188; x_wconf 91' lang='lat'>,</span> <span class='ocrx_word' id='word_1_304' title='bbox 1159 2135 1201 2182; x_wconf 77' lang='grc' dir='ltr'>δι</span> <span class='ocrx_word' id='word_1_305' title='bbox 1223 2135 1524 2184; x_wconf 87' lang='lat' dir='ltr'>emolumenta</span> <span class='ocrx_word' id='word_1_306' title='bbox 1538 2136 1789 2196; x_wconf 85' lang='lat' dir='ltr'>percipiant</span> <span class='ocrx_word' id='word_1_307' title='bbox 1817 2129 2079 2179; x_wconf 84' lang='lat' dir='ltr'>Beneficia-</span> 
     </span>
     <span class='ocr_line' id='line_1_32' title="bbox 122 2194 2077 2259; baseline 0 -16"><span class='ocrx_word' id='word_1_308' title='bbox 122 2195 186 2243; x_wconf 82' lang='lat' dir='ltr'>rii</span> <span class='ocrx_word' id='word_1_309' title='bbox 207 2194 252 2242; x_wconf 84' lang='lat' dir='ltr'>in</span> <span class='ocrx_word' id='word_1_310' title='bbox 272 2198 681 2259; x_wconf 85' lang='lat' dir='ltr'>compensationem</span> <span class='ocrx_word' id='word_1_311' title='bbox 697 2229 712 2248; x_wconf 83' lang='lat'>‚</span> <span class='ocrx_word' id='word_1_312' title='bbox 749 2194 1016 2256; x_wconf 89' lang='lat' dir='ltr'>stipendium</span> <span class='ocrx_word' id='word_1_313' title='bbox 1038 2232 1052 2254; x_wconf 84' lang='lat'>,</span> <span class='ocrx_word' id='word_1_314' title='bbox 1074 2198 1118 2244; x_wconf 74' lang='lat'>8&lt;</span> <span class='ocrx_word' id='word_1_315' title='bbox 1138 2196 1489 2251; x_wconf 85' lang='lat' dir='ltr'>retributionem</span> <span class='ocrx_word' id='word_1_316' title='bbox 1524 2199 1698 2247; x_wconf 88' lang='lat' dir='ltr'>laboris</span> <span class='ocrx_word' id='word_1_317' title='bbox 1720 2231 1734 2251; x_wconf 89' lang='lat'>,</span> <span class='ocrx_word' id='word_1_318' title='bbox 1769 2198 1811 2244; x_wconf 77' lang='grc' dir='ltr'>δι</span> <span class='ocrx_word' id='word_1_319' title='bbox 1852 2210 2041 2243; x_wconf 89' lang='lat' dir='ltr'>onerum</span> <span class='ocrx_word' id='word_1_320' title='bbox 2062 2231 2077 2252; x_wconf 89' lang='lat'>‚</span> 
     </span>
     <span class='ocr_line' id='line_1_33' title="bbox 118 2257 2077 2326; baseline 0.002 -20"><span class='ocrx_word' id='word_1_321' title='bbox 118 2274 220 2320; x_wconf 82' lang='lat' dir='ltr'>quae</span> <span class='ocrx_word' id='word_1_322' title='bbox 233 2260 287 2307; x_wconf 87' lang='lat' dir='ltr'>iis</span> <span class='ocrx_word' id='word_1_323' title='bbox 305 2261 409 2307; x_wconf 89' lang='lat' dir='ltr'>data</span> <span class='ocrx_word' id='word_1_324' title='bbox 427 2262 607 2309; x_wconf 87' lang='lat' dir='ltr'>fuerunt</span> <span class='ocrx_word' id='word_1_325' title='bbox 625 2275 680 2308; x_wconf 82' lang='lat' dir='ltr'>ex</span> <span class='ocrx_word' id='word_1_326' title='bbox 704 2258 805 2321; x_wconf 87' lang='lat' dir='ltr'>lege</span> <span class='ocrx_word' id='word_1_327' title='bbox 822 2257 1096 2307; x_wconf 85' lang='lat' dir='ltr'>fundationis</span> <span class='ocrx_word' id='word_1_328' title='bbox 1119 2293 1134 2313; x_wconf 88' lang='lat'>‚</span> <span class='ocrx_word' id='word_1_329' title='bbox 1167 2274 1218 2307; x_wconf 91' lang='lat' dir='ltr'>ut</span> <span class='ocrx_word' id='word_1_330' title='bbox 1234 2274 1289 2307; x_wconf 85' lang='lat' dir='ltr'>ex</span> <span class='ocrx_word' id='word_1_331' title='bbox 1306 2274 1398 2326; x_wconf 84' lang='lat' dir='ltr'>cap.</span> <span class='ocrx_word' id='word_1_332' title='bbox 1411 2263 1488 2319; x_wconf 84' lang='lat' dir='ltr'>fin.</span> <span class='ocrx_word' id='word_1_333' title='bbox 1507 2264 1559 2310; x_wconf 90' lang='lat' dir='ltr'>de</span> <span class='ocrx_word' id='word_1_334' title='bbox 1595 2262 1803 2326; x_wconf 79' lang='lat' dir='ltr'>rescript.</span> <span class='ocrx_word' id='word_1_335' title='bbox 1833 2268 1877 2308; x_wconf 85' lang='lat' dir='ltr'>in</span> <span class='ocrx_word' id='word_1_336' title='bbox 1896 2266 1946 2304; x_wconf 88' lang='lat'>6.</span> <span class='ocrx_word' id='word_1_337' title='bbox 1978 2272 2077 2309; x_wconf 84' lang='lat' dir='ltr'>tra·</span> 
     </span>
     <span class='ocr_line' id='line_1_34' title="bbox 121 2322 2077 2387; baseline -0.001 -18"><span class='ocrx_word' id='word_1_338' title='bbox 121 2322 243 2369; x_wconf 83' lang='lat' dir='ltr'>dunt</span> <span class='ocrx_word' id='word_1_339' title='bbox 265 2332 463 2384; x_wconf 81' lang='lat' dir='ltr'>Fagnan.</span> <span class='ocrx_word' id='word_1_340' title='bbox 481 2330 524 2373; x_wconf 82' lang='lat' dir='ltr'>in</span> <span class='ocrx_word' id='word_1_341' title='bbox 542 2335 637 2387; x_wconf 79' lang='lat' dir='ltr'>cap.</span> <span class='ocrx_word' id='word_1_342' title='bbox 657 2325 768 2373; x_wconf 85' lang='lat' dir='ltr'>licet</span> <span class='ocrx_word' id='word_1_343' title='bbox 787 2335 985 2384; x_wconf 77' lang='lat' dir='ltr'>num-24.</span> <span class='ocrx_word' id='word_1_344' title='bbox 1006 2325 1055 2371; x_wconf 88' lang='lat' dir='ltr'>de</span> <span class='ocrx_word' id='word_1_345' title='bbox 1066 2323 1295 2387; x_wconf 79' lang='lat' dir='ltr'>praebend.</span> <span class='ocrx_word' id='word_1_346' title='bbox 1313 2332 1491 2375; x_wconf 85' lang='lat' dir='ltr'>Lotter.</span> <span class='ocrx_word' id='word_1_347' title='bbox 1522 2328 1573 2375; x_wconf 84' lang='lat' dir='ltr'>de</span> <span class='ocrx_word' id='word_1_348' title='bbox 1609 2342 1656 2374; x_wconf 89' lang='lat' dir='ltr'>re</span> <span class='ocrx_word' id='word_1_349' title='bbox 1674 2325 1819 2384; x_wconf 83' lang='lat' dir='ltr'>benef.</span> <span class='ocrx_word' id='word_1_350' title='bbox 1844 2322 1927 2376; x_wconf 68' lang='lat' dir='ltr'>lib.</span> <span class='ocrx_word' id='word_1_351' title='bbox 1940 2339 1977 2369; x_wconf 88' lang='lat'>1.</span> <span class='ocrx_word' id='word_1_352' title='bbox 1997 2339 2077 2385; x_wconf 83' lang='lat' dir='ltr'>qu.</span> 
     </span>
     <span class='ocr_line' id='line_1_35' title="bbox 120 2384 2075 2451; baseline 0.001 -21"><span class='ocrx_word' id='word_1_353' title='bbox 120 2399 170 2447; x_wconf 83' lang='lat'>4.</span> <span class='ocrx_word' id='word_1_354' title='bbox 189 2390 372 2434; x_wconf 86' lang='lat' dir='ltr'>num.28</span> <span class='ocrx_word' id='word_1_355' title='bbox 408 2397 552 2436; x_wconf 78' lang='lat' dir='ltr'>Garz.</span> <span class='ocrx_word' id='word_1_356' title='bbox 575 2390 626 2437; x_wconf 83' lang='lat' dir='ltr'>de</span> <span class='ocrx_word' id='word_1_357' title='bbox 645 2386 790 2445; x_wconf 79' lang='lat' dir='ltr'>benef.</span> <span class='ocrx_word' id='word_1_358' title='bbox 806 2399 962 2449; x_wconf 61' lang='lat' dir='ltr'>pard.</span> <span class='ocrx_word' id='word_1_359' title='bbox 979 2397 1122 2450; x_wconf 76' lang='lat' dir='ltr'>cap-2.</span> <span class='ocrx_word' id='word_1_360' title='bbox 1141 2387 1344 2441; x_wconf 76' lang='lat' dir='ltr'>num.60.</span> <span class='ocrx_word' id='word_1_361' title='bbox 1363 2390 1544 2439; x_wconf 75' lang='lat' dir='ltr'>Corrad.</span> <span class='ocrx_word' id='word_1_362' title='bbox 1564 2391 1760 2451; x_wconf 80' lang='lat' dir='ltr'>inprax.</span> <span class='ocrx_word' id='word_1_363' title='bbox 1783 2387 1975 2449; x_wconf 66' lang='lat' dir='ltr'>dispens}</span> <span class='ocrx_word' id='word_1_364' title='bbox 1989 2384 2075 2432; x_wconf 78' lang='lat' dir='ltr'>lib.</span> 
     </span>
     <span class='ocr_line' id='line_1_36' title="bbox 121 2445 2071 2513; baseline -0.001 -18"><span class='ocrx_word' id='word_1_365' title='bbox 121 2461 166 2507; x_wconf 84' lang='lat'>4-</span> <span class='ocrx_word' id='word_1_366' title='bbox 185 2464 460 2512; x_wconf 80' lang='lat' dir='ltr'>cap.4.n‚tz.</span> <span class='ocrx_word' id='word_1_367' title='bbox 484 2452 608 2501; x_wconf 76' lang='lat' dir='ltr'>card.</span> <span class='ocrx_word' id='word_1_368' title='bbox 630 2452 681 2498; x_wconf 85' lang='lat' dir='ltr'>de</span> <span class='ocrx_word' id='word_1_369' title='bbox 701 2457 803 2501; x_wconf 70' lang='lat' dir='ltr'>Luc⁶</span> <span class='ocrx_word' id='word_1_370' title='bbox 842 2450 894 2498; x_wconf 80' lang='lat' dir='ltr'>de</span> <span class='ocrx_word' id='word_1_371' title='bbox 935 2467 1086 2497; x_wconf 80' lang='lat' dir='ltr'>canon.</span> <span class='ocrx_word' id='word_1_372' title='bbox 1124 2449 1229 2506; x_wconf 67' lang='lat' dir='ltr'>dif&#39;c.</span> <span class='ocrx_word' id='word_1_373' title='bbox 1246 2464 1293 2505; x_wconf 92' lang='lat'>7.</span> <span class='ocrx_word' id='word_1_374' title='bbox 1328 2468 1451 2506; x_wconf 79' lang='lat' dir='ltr'>num.</span> <span class='ocrx_word' id='word_1_375' title='bbox 1471 2451 1510 2499; x_wconf 88' lang='lat'>8.</span> <span class='ocrx_word' id='word_1_376' title='bbox 1536 2451 1701 2513; x_wconf 88' lang='lat' dir='ltr'>Neque</span> <span class='ocrx_word' id='word_1_377' title='bbox 1737 2447 1905 2510; x_wconf 88' lang='lat' dir='ltr'>ambigi</span> <span class='ocrx_word' id='word_1_378' title='bbox 1943 2445 2071 2511; x_wconf 84' lang='lat' dir='ltr'>poffe</span> 
     </span>
    </p>

    <p class='ocr_par' dir='ltr' id='par_1_9' title="bbox 40 2509 2132 3445">
     <span class='ocr_line' id='line_1_37' title="bbox 40 2509 2047 2575; baseline 0.001 -21"><span class='ocrx_word' id='word_1_379' title='bbox 40 2570 43 2573; x_wconf 16' lang='grc' dir='ltr'><strong>ῃ</strong></span> <span class='ocrx_word' id='word_1_380' title='bbox 122 2524 284 2563; x_wconf 89' lang='lat' dir='ltr'>munus</span> <span class='ocrx_word' id='word_1_381' title='bbox 305 2513 653 2562; x_wconf 85' lang='lat' dir='ltr'>Hebdomadarii</span> <span class='ocrx_word' id='word_1_382' title='bbox 671 2514 896 2560; x_wconf 85' lang='lat' dir='ltr'>adnexum</span> <span class='ocrx_word' id='word_1_383' title='bbox 914 2509 998 2564; x_wconf 84' lang='lat' dir='ltr'>esse</span> <span class='ocrx_word' id='word_1_384' title='bbox 1017 2510 1245 2562; x_wconf 84' lang='lat' dir='ltr'>Beneficio</span> <span class='ocrx_word' id='word_1_385' title='bbox 1261 2546 1276 2565; x_wconf 87' lang='lat'>‚</span> <span class='ocrx_word' id='word_1_386' title='bbox 1308 2528 1411 2567; x_wconf 81' lang='lat' dir='ltr'>cum</span> <span class='ocrx_word' id='word_1_387' title='bbox 1431 2515 1472 2563; x_wconf 92' lang='lat' dir='ltr'>id</span> <span class='ocrx_word' id='word_1_388' title='bbox 1490 2524 1643 2575; x_wconf 87' lang='lat' dir='ltr'>pateat</span> <span class='ocrx_word' id='word_1_389' title='bbox 1665 2529 1718 2561; x_wconf 85' lang='lat' dir='ltr'>ex</span> <span class='ocrx_word' id='word_1_390' title='bbox 1740 2511 1941 2563; x_wconf 78' lang='lat' dir='ltr'>Dect-eto</span> <span class='ocrx_word' id='word_1_391' title='bbox 1964 2509 2047 2570; x_wconf 91' lang='lat' dir='ltr'>Epi</span> 
     </span>
     <span class='ocr_line' id='line_1_38' title="bbox 124 2571 2076 2635; baseline 0.002 -16"><span class='ocrx_word' id='word_1_392' title='bbox 124 2571 246 2635; x_wconf 90' lang='lat' dir='ltr'>scopi</span> <span class='ocrx_word' id='word_1_393' title='bbox 283 2575 453 2627; x_wconf 87' lang='lat' dir='ltr'>Ernesti</span> <span class='ocrx_word' id='word_1_394' title='bbox 488 2578 582 2625; x_wconf 88' lang='lat' dir='ltr'>lato</span> <span class='ocrx_word' id='word_1_395' title='bbox 613 2589 731 2622; x_wconf 89' lang='lat' dir='ltr'>anno</span> <span class='ocrx_word' id='word_1_396' title='bbox 763 2575 893 2622; x_wconf 88' lang='lat'>1600.</span> <span class='ocrx_word' id='word_1_397' title='bbox 919 2608 933 2628; x_wconf 87' lang='lat'><strong>,</strong></span> <span class='ocrx_word' id='word_1_398' title='bbox 964 2575 1006 2622; x_wconf 86' lang='lat'>&amp;</span> <span class='ocrx_word' id='word_1_399' title='bbox 1044 2575 1310 2629; x_wconf 84' lang='lat' dir='ltr'>confirmato</span> <span class='ocrx_word' id='word_1_400' title='bbox 1344 2577 1625 2628; x_wconf 85' lang='lat' dir='ltr'>authoritate</span> <span class='ocrx_word' id='word_1_401' title='bbox 1667 2577 1926 2635; x_wconf 85' lang='lat' dir='ltr'>Apostolica</span> <span class='ocrx_word' id='word_1_402' title='bbox 1959 2589 2076 2622; x_wconf 85' lang='lat' dir='ltr'>anno</span> 
     </span>
     <span class='ocr_line' id='line_1_39' title="bbox 122 2633 2076 2702; baseline 0 -20"><span class='ocrx_word' id='word_1_403' title='bbox 122 2638 318 2685; x_wconf 57' lang='grc' dir='ltr'>κόσμει</span> <span class='ocrx_word' id='word_1_404' title='bbox 341 2639 554 2701; x_wconf 88' lang='lat' dir='ltr'>responso</span> <span class='ocrx_word' id='word_1_405' title='bbox 583 2641 705 2686; x_wconf 85' lang='lat' dir='ltr'>Sacri</span> <span class='ocrx_word' id='word_1_406' title='bbox 727 2636 858 2693; x_wconf 84' lang='lat' dir='ltr'>hujus</span> <span class='ocrx_word' id='word_1_407' title='bbox 887 2636 1158 2691; x_wconf 73' lang='lat' dir='ltr'>&#39;I&#39;ribunalis</span> <span class='ocrx_word' id='word_1_408' title='bbox 1186 2654 1307 2686; x_wconf 87' lang='lat' dir='ltr'>anno</span> <span class='ocrx_word' id='word_1_409' title='bbox 1339 2649 1468 2694; x_wconf 71' lang='lat'>1706.</span> <span class='ocrx_word' id='word_1_410' title='bbox 1490 2674 1504 2694; x_wconf 89' lang='lat'><strong>,</strong></span> <span class='ocrx_word' id='word_1_411' title='bbox 1539 2656 1631 2702; x_wconf 89' lang='lat' dir='ltr'>quo</span> <span class='ocrx_word' id='word_1_412' title='bbox 1662 2639 1952 2689; x_wconf 87' lang='lat' dir='ltr'>constitutum</span> <span class='ocrx_word' id='word_1_413' title='bbox 1986 2633 2076 2685; x_wconf 79' lang='lat' dir='ltr'>fuit</span> 
     </span>
     <span class='ocr_line' id='line_1_40' title="bbox 123 2697 2068 2761; baseline 0 -14"><span class='ocrx_word' id='word_1_414' title='bbox 123 2697 199 2747; x_wconf 84' lang='lat' dir='ltr'>sex</span> <span class='ocrx_word' id='word_1_415' title='bbox 217 2698 441 2753; x_wconf 86' lang='lat' dir='ltr'>Beneficia</span> <span class='ocrx_word' id='word_1_416' title='bbox 458 2704 588 2761; x_wconf 80' lang='lat' dir='ltr'>hujus</span> <span class='ocrx_word' id='word_1_417' title='bbox 610 2698 813 2754; x_wconf 71' lang='lat' dir='ltr'>Ecclesxae</span> <span class='ocrx_word' id='word_1_418' title='bbox 831 2700 910 2760; x_wconf 83' lang='lat' dir='ltr'>effe</span> <span class='ocrx_word' id='word_1_419' title='bbox 929 2700 1230 2758; x_wconf 80' lang='lat' dir='ltr'>residentialia</span> <span class='ocrx_word' id='word_1_420' title='bbox 1247 2736 1262 2754; x_wconf 91' lang='lat'>,</span> <span class='ocrx_word' id='word_1_421' title='bbox 1296 2709 1353 2753; x_wconf 71' lang='lat'>&amp;¹</span> <span class='ocrx_word' id='word_1_422' title='bbox 1370 2703 1664 2759; x_wconf 81' lang='lat' dir='ltr'>Beneficiatos</span> <span class='ocrx_word' id='word_1_423' title='bbox 1683 2705 1833 2752; x_wconf 85' lang='lat' dir='ltr'>teneri</span> <span class='ocrx_word' id='word_1_424' title='bbox 1846 2704 1901 2749; x_wconf 82' lang='lat' dir='ltr'>ad</span> <span class='ocrx_word' id='word_1_425' title='bbox 1910 2702 2068 2757; x_wconf 67' lang='lat' dir='ltr'>fi’rvi-</span> 
     </span>
     <span class='ocr_line' id='line_1_41' title="bbox 120 2762 2072 2828; baseline -0.001 -20"><span class='ocrx_word' id='word_1_426' title='bbox 120 2765 237 2809; x_wconf 82' lang='lat' dir='ltr'>tium</span> <span class='ocrx_word' id='word_1_427' title='bbox 244 2768 559 2828; x_wconf 79' lang='lat' dir='ltr'>praes&#39;criptum</span> <span class='ocrx_word' id='word_1_428' title='bbox 579 2769 625 2813; x_wconf 83' lang='lat' dir='ltr'>in</span> <span class='ocrx_word' id='word_1_429' title='bbox 652 2774 845 2812; x_wconf 76' lang='lat' dir='ltr'>Decreta</span> <span class='ocrx_word' id='word_1_430' title='bbox 862 2766 1066 2826; x_wconf 78' lang='lat' dir='ltr'>Episcopi</span> <span class='ocrx_word' id='word_1_431' title='bbox 1085 2765 1254 2818; x_wconf 72' lang='lat' dir='ltr'>Ernesti</span> <span class='ocrx_word' id='word_1_432' title='bbox 1277 2800 1289 2817; x_wconf 92' lang='lat'>,</span> <span class='ocrx_word' id='word_1_433' title='bbox 1331 2780 1387 2810; x_wconf 89' lang='lat' dir='ltr'>ex</span> <span class='ocrx_word' id='word_1_434' title='bbox 1408 2764 1751 2817; x_wconf 66' lang='lat' dir='ltr'>confessionibus</span> <span class='ocrx_word' id='word_1_435' title='bbox 1776 2762 1910 2826; x_wconf 84' lang='lat' dir='ltr'>ipsius</span> <span class='ocrx_word' id='word_1_436' title='bbox 1942 2763 2072 2809; x_wconf 90' lang='lat' dir='ltr'>Cor-</span> 
     </span>
     <span class='ocr_line' id='line_1_42' title="bbox 117 2823 2070 2890; baseline 0 -19"><span class='ocrx_word' id='word_1_437' title='bbox 117 2824 207 2871; x_wconf 78' lang='lat' dir='ltr'>roii</span> <span class='ocrx_word' id='word_1_438' title='bbox 244 2858 258 2877; x_wconf 90' lang='lat'>‚</span> <span class='ocrx_word' id='word_1_439' title='bbox 289 2829 331 2874; x_wconf 66' lang='grc' dir='ltr'>ὅ(</span> <span class='ocrx_word' id='word_1_440' title='bbox 352 2828 543 2890; x_wconf 87' lang='lat' dir='ltr'>denique</span> <span class='ocrx_word' id='word_1_441' title='bbox 561 2845 619 2876; x_wconf 89' lang='lat' dir='ltr'>ex</span> <span class='ocrx_word' id='word_1_442' title='bbox 651 2824 903 2878; x_wconf 84' lang='lat' dir='ltr'>novissimo</span> <span class='ocrx_word' id='word_1_443' title='bbox 936 2825 1148 2887; x_wconf 86' lang='lat' dir='ltr'>responso</span> <span class='ocrx_word' id='word_1_444' title='bbox 1175 2825 1635 2881; x_wconf 86' lang='lat' dir='ltr'>Eminentissimorum</span> <span class='ocrx_word' id='word_1_445' title='bbox 1673 2827 1860 2875; x_wconf 85' lang='lat' dir='ltr'>Patrum</span> <span class='ocrx_word' id='word_1_446' title='bbox 1877 2823 1955 2872; x_wconf 88' lang='lat' dir='ltr'>die</span> <span class='ocrx_word' id='word_1_447' title='bbox 1994 2839 2070 2879; x_wconf 91' lang='lat'>19.</span> 
     </span>
     <span class='ocr_line' id='line_1_43' title="bbox 117 2884 2069 2952; baseline 0.001 -20"><span class='ocrx_word' id='word_1_448' title='bbox 117 2884 238 2941; x_wconf 79' lang='lat' dir='ltr'>lunii</span> <span class='ocrx_word' id='word_1_449' title='bbox 257 2904 375 2940; x_wconf 88' lang='lat' dir='ltr'>anno</span> <span class='ocrx_word' id='word_1_450' title='bbox 394 2905 516 2946; x_wconf 78' lang='lat'>175¹-</span> <span class='ocrx_word' id='word_1_451' title='bbox 540 2891 626 2938; x_wconf 76' lang='lat' dir='ltr'>His</span> <span class='ocrx_word' id='word_1_452' title='bbox 647 2904 759 2938; x_wconf 88' lang='lat' dir='ltr'>vero</span> <span class='ocrx_word' id='word_1_453' title='bbox 776 2887 895 2935; x_wconf 89' lang='lat' dir='ltr'>nihil</span> <span class='ocrx_word' id='word_1_454' title='bbox 914 2887 1083 2935; x_wconf 86' lang='lat' dir='ltr'>obstare</span> <span class='ocrx_word' id='word_1_455' title='bbox 1100 2923 1114 2941; x_wconf 89' lang='lat'>,</span> <span class='ocrx_word' id='word_1_456' title='bbox 1147 2906 1246 2952; x_wconf 84' lang='lat' dir='ltr'>quae</span> <span class='ocrx_word' id='word_1_457' title='bbox 1266 2905 1291 2940; x_wconf 81' lang='lat' dir='ltr'>a</span> <span class='ocrx_word' id='word_1_458' title='bbox 1308 2888 1531 2939; x_wconf 85' lang='lat' dir='ltr'>Corroiio</span> <span class='ocrx_word' id='word_1_459' title='bbox 1556 2889 1751 2951; x_wconf 88' lang='lat' dir='ltr'>proponi</span> <span class='ocrx_word' id='word_1_460' title='bbox 1775 2886 1960 2952; x_wconf 90' lang='lat' dir='ltr'>possunt</span> <span class='ocrx_word' id='word_1_461' title='bbox 1981 2925 1994 2943; x_wconf 89' lang='lat'>,</span> <span class='ocrx_word' id='word_1_462' title='bbox 2025 2887 2069 2933; x_wconf 76' lang='grc' dir='ltr'>δι</span> 
     </span>
     <span class='ocr_line' id='line_1_44' title="bbox 119 2948 2067 3019; baseline 0.001 -23"><span class='ocrx_word' id='word_1_463' title='bbox 119 2948 361 3009; x_wconf 73' lang='lat' dir='ltr'>praesertim</span> <span class='ocrx_word' id='word_1_464' title='bbox 378 2955 577 3005; x_wconf 78' lang='lat' dir='ltr'>tenuitas</span> <span class='ocrx_word' id='word_1_465' title='bbox 597 2952 847 3004; x_wconf 80' lang='lat' dir='ltr'>Beneficii,</span> <span class='ocrx_word' id='word_1_466' title='bbox 880 2966 977 3012; x_wconf 72' lang='lat' dir='ltr'>quae</span> <span class='ocrx_word' id='word_1_467' title='bbox 1001 2966 1086 2998; x_wconf 91' lang='lat' dir='ltr'>non</span> <span class='ocrx_word' id='word_1_468' title='bbox 1126 2955 1374 3019; x_wconf 81' lang='lat' dir='ltr'>probetur,</span> <span class='ocrx_word' id='word_1_469' title='bbox 1410 2969 1514 3001; x_wconf 90' lang='lat' dir='ltr'>cum</span> <span class='ocrx_word' id='word_1_470' title='bbox 1549 2954 1646 3010; x_wconf 86' lang='lat' dir='ltr'>ejus</span> <span class='ocrx_word' id='word_1_471' title='bbox 1691 2951 1896 2999; x_wconf 82' lang='lat' dir='ltr'>redditus</span> <span class='ocrx_word' id='word_1_472' title='bbox 1927 2967 2067 2999; x_wconf 85' lang='lat' dir='ltr'>exce-</span> 
     </span>
     <span class='ocr_line' id='line_1_45' title="bbox 117 3010 2068 3080; baseline 0.003 -24"><span class='ocrx_word' id='word_1_473' title='bbox 117 3010 227 3058; x_wconf 87' lang='lat' dir='ltr'>dant</span> <span class='ocrx_word' id='word_1_474' title='bbox 243 3029 387 3062; x_wconf 89' lang='lat' dir='ltr'>annua</span> <span class='ocrx_word' id='word_1_475' title='bbox 405 3016 626 3071; x_wconf 87' lang='lat' dir='ltr'>scut.100.</span> <span class='ocrx_word' id='word_1_476' title='bbox 644 3014 785 3080; x_wconf 80' lang='lat' dir='ltr'>Qod</span> <span class='ocrx_word' id='word_1_477' title='bbox 803 3049 817 3068; x_wconf 91' lang='lat'>,</span> <span class='ocrx_word' id='word_1_478' title='bbox 856 3011 885 3058; x_wconf 79' lang='lat' dir='ltr'>st</span> <span class='ocrx_word' id='word_1_479' title='bbox 907 3012 1144 3062; x_wconf 86' lang='lat' dir='ltr'>Corroiius</span> <span class='ocrx_word' id='word_1_480' title='bbox 1165 3028 1345 3062; x_wconf 89' lang='lat' dir='ltr'>tenetur</span> <span class='ocrx_word' id='word_1_481' title='bbox 1359 3031 1516 3068; x_wconf 85' lang='lat' dir='ltr'>munus</span> <span class='ocrx_word' id='word_1_482' title='bbox 1539 3015 1884 3062; x_wconf 82' lang='lat' dir='ltr'>Hebdomadarii</span> <span class='ocrx_word' id='word_1_483' title='bbox 1901 3013 2068 3074; x_wconf 87' lang='lat' dir='ltr'>imple-</span> 
     </span>
     <span class='ocr_line' id='line_1_46' title="bbox 113 3073 2069 3143; baseline 0.002 -21"><span class='ocrx_word' id='word_1_484' title='bbox 113 3085 167 3122; x_wconf 78' lang='lat' dir='ltr'>re</span> <span class='ocrx_word' id='word_1_485' title='bbox 184 3073 274 3122; x_wconf 88' lang='lat' dir='ltr'>fine</span> <span class='ocrx_word' id='word_1_486' title='bbox 291 3078 386 3125; x_wconf 91' lang='lat' dir='ltr'>ullo</span> <span class='ocrx_word' id='word_1_487' title='bbox 408 3078 633 3143; x_wconf 86' lang='lat' dir='ltr'>stipendio</span> <span class='ocrx_word' id='word_1_488' title='bbox 649 3113 664 3135; x_wconf 83' lang='lat'>‚</span> <span class='ocrx_word' id='word_1_489' title='bbox 686 3079 802 3129; x_wconf 76' lang='lat' dir='ltr'>&#39;cum</span> <span class='ocrx_word' id='word_1_490' title='bbox 826 3074 1055 3129; x_wconf 81' lang='lat' dir='ltr'>Beneficio</span> <span class='ocrx_word' id='word_1_491' title='bbox 1078 3112 1090 3131; x_wconf 86' lang='lat'>,</span> <span class='ocrx_word' id='word_1_492' title='bbox 1112 3079 1232 3139; x_wconf 87' lang='lat' dir='ltr'>quod</span> <span class='ocrx_word' id='word_1_493' title='bbox 1250 3077 1442 3139; x_wconf 79' lang='lat' dir='ltr'>possidet</span> <span class='ocrx_word' id='word_1_494' title='bbox 1464 3115 1477 3132; x_wconf 92' lang='lat'><em>,</em></span> <span class='ocrx_word' id='word_1_495' title='bbox 1508 3079 1730 3126; x_wconf 85' lang='lat' dir='ltr'>adnexum</span> <span class='ocrx_word' id='word_1_496' title='bbox 1750 3080 1800 3124; x_wconf 75' lang='lat' dir='ltr'>lit</span> <span class='ocrx_word' id='word_1_497' title='bbox 1817 3114 1830 3131; x_wconf 93' lang='lat'><em>,</em></span> <span class='ocrx_word' id='word_1_498' title='bbox 1850 3079 1939 3136; x_wconf 87' lang='lat' dir='ltr'>jam</span> <span class='ocrx_word' id='word_1_499' title='bbox 1953 3092 2069 3125; x_wconf 83' lang='lat' dir='ltr'>con·</span> 
     </span>
     <span class='ocr_line' id='line_1_47' title="bbox 114 3134 2132 3205; baseline 0.001 -21"><span class='ocrx_word' id='word_1_500' title='bbox 114 3134 299 3199; x_wconf 83' lang='lat' dir='ltr'>sequens</span> <span class='ocrx_word' id='word_1_501' title='bbox 315 3139 428 3195; x_wconf 84' lang='lat' dir='ltr'>effe,</span> <span class='ocrx_word' id='word_1_502' title='bbox 465 3144 588 3205; x_wconf 85' lang='lat' dir='ltr'>quod</span> <span class='ocrx_word' id='word_1_503' title='bbox 615 3140 710 3205; x_wconf 85' lang='lat' dir='ltr'>ipse</span> <span class='ocrx_word' id='word_1_504' title='bbox 728 3151 939 3186; x_wconf 88' lang='lat' dir='ltr'>teneatur</span> <span class='ocrx_word' id='word_1_505' title='bbox 956 3139 1262 3203; x_wconf 79' lang='lat' dir='ltr'>redintegrare</span> <span class='ocrx_word' id='word_1_506' title='bbox 1300 3141 1567 3202; x_wconf 87' lang='lat' dir='ltr'>Capitulum</span> <span class='ocrx_word' id='word_1_507' title='bbox 1596 3143 1649 3188; x_wconf 91' lang='lat' dir='ltr'>de</span> <span class='ocrx_word' id='word_1_508' title='bbox 1684 3156 1833 3189; x_wconf 90' lang='lat' dir='ltr'>annuo</span> <span class='ocrx_word' id='word_1_509' title='bbox 1870 3140 2070 3194; x_wconf 76' lang='lat' dir='ltr'>salario.</span> <span class='ocrx_word' id='word_1_510' title='bbox 2126 3170 2132 3175; x_wconf 86' lang='lat'><em>-</em></span> 
     </span>
     <span class='ocr_line' id='line_1_48' title="bbox 115 3200 2070 3268; baseline 0.002 -23"><span class='ocrx_word' id='word_1_511' title='bbox 115 3200 238 3268; x_wconf 76' lang='lat' dir='ltr'>quod</span> <span class='ocrx_word' id='word_1_512' title='bbox 256 3201 391 3250; x_wconf 87' lang='lat' dir='ltr'>solvit</span> <span class='ocrx_word' id='word_1_513' title='bbox 409 3205 636 3258; x_wconf 80' lang='lat' dir='ltr'>Sacerdoti</span> <span class='ocrx_word' id='word_1_514' title='bbox 663 3241 676 3262; x_wconf 87' lang='lat'><strong>‚</strong></span> <span class='ocrx_word' id='word_1_515' title='bbox 705 3203 785 3266; x_wconf 88' lang='lat' dir='ltr'>qui</span> <span class='ocrx_word' id='word_1_516' title='bbox 807 3201 932 3249; x_wconf 88' lang='lat' dir='ltr'>vices</span> <span class='ocrx_word' id='word_1_517' title='bbox 955 3202 1143 3251; x_wconf 89' lang='lat' dir='ltr'>Corroii</span> <span class='ocrx_word' id='word_1_518' title='bbox 1163 3203 1397 3267; x_wconf 88' lang='lat' dir='ltr'>supplevit</span> <span class='ocrx_word' id='word_1_519' title='bbox 1417 3238 1430 3258; x_wconf 89' lang='lat'><strong>,</strong></span> <span class='ocrx_word' id='word_1_520' title='bbox 1445 3220 1547 3252; x_wconf 90' lang='lat' dir='ltr'>cum</span> <span class='ocrx_word' id='word_1_521' title='bbox 1565 3205 1649 3255; x_wconf 84' lang='lat' dir='ltr'>hoc</span> <span class='ocrx_word' id='word_1_522' title='bbox 1667 3203 1864 3250; x_wconf 88' lang='lat' dir='ltr'>debitum</span> <span class='ocrx_word' id='word_1_523' title='bbox 1887 3204 1940 3250; x_wconf 86' lang='lat' dir='ltr'>ad</span> <span class='ocrx_word' id='word_1_524' title='bbox 1956 3203 2070 3253; x_wconf 84' lang='lat' dir='ltr'>Cor·-</span> 
     </span>
     <span class='ocr_line' id='line_1_49' title="bbox 112 3261 2067 3330; baseline 0.002 -22"><span class='ocrx_word' id='word_1_525' title='bbox 112 3261 279 3316; x_wconf 67' lang='lat' dir='ltr'>rotium</span> <span class='ocrx_word' id='word_1_526' title='bbox 296 3265 544 3327; x_wconf 61' lang='lat' dir='ltr'>spectaret,</span> <span class='ocrx_word' id='word_1_527' title='bbox 583 3283 676 3315; x_wconf 90' lang='lat' dir='ltr'>non</span> <span class='ocrx_word' id='word_1_528' title='bbox 694 3268 748 3312; x_wconf 86' lang='lat' dir='ltr'>ad</span> <span class='ocrx_word' id='word_1_529' title='bbox 769 3264 1074 3326; x_wconf 87' lang='lat' dir='ltr'>Capitulum,</span> <span class='ocrx_word' id='word_1_530' title='bbox 1105 3282 1130 3314; x_wconf 88' lang='lat' dir='ltr'>a</span> <span class='ocrx_word' id='word_1_531' title='bbox 1165 3283 1259 3329; x_wconf 91' lang='lat' dir='ltr'>quo</span> <span class='ocrx_word' id='word_1_532' title='bbox 1289 3268 1440 3315; x_wconf 89' lang='lat' dir='ltr'>aliena</span> <span class='ocrx_word' id='word_1_533' title='bbox 1470 3266 1692 3330; x_wconf 88' lang='lat' dir='ltr'>obligatio</span> <span class='ocrx_word' id='word_1_534' title='bbox 1733 3267 1918 3326; x_wconf 84' lang='lat' dir='ltr'>impleta</span> <span class='ocrx_word' id='word_1_535' title='bbox 1952 3265 2067 3318; x_wconf 73' lang='lat' dir='ltr'>furt.</span> 
     </span>
     <span class='ocr_line' id='line_1_50' title="bbox 110 3323 2073 3434; baseline -0.001 -54"><span class='ocrx_word' id='word_1_536' title='bbox 110 3323 244 3434; x_wconf 47' lang='grc' dir='ltr'>ἓξὲξ,</span> <span class='ocrx_word' id='word_1_537' title='bbox 266 3327 435 3379; x_wconf 86' lang='lat' dir='ltr'>summa</span> <span class='ocrx_word' id='word_1_538' title='bbox 452 3331 519 3379; x_wconf 86' lang='lat' dir='ltr'>est</span> <span class='ocrx_word' id='word_1_539' title='bbox 533 3331 679 3383; x_wconf 86' lang='lat' dir='ltr'>libelli</span> <span class='ocrx_word' id='word_1_540' title='bbox 694 3329 787 3378; x_wconf 88' lang='lat' dir='ltr'>dati</span> <span class='ocrx_word' id='word_1_541' title='bbox 816 3344 842 3375; x_wconf 87' lang='lat' dir='ltr'>a</span> <span class='ocrx_word' id='word_1_542' title='bbox 869 3326 1101 3391; x_wconf 82' lang='lat' dir='ltr'>Capitulo</span> <span class='ocrx_word' id='word_1_543' title='bbox 1120 3367 1131 3379; x_wconf 89' lang='lat'><strong>.</strong></span> <span class='ocrx_word' id='word_1_544' title='bbox 1168 3332 1216 3378; x_wconf 88' lang='lat' dir='ltr'>A</span> <span class='ocrx_word' id='word_1_545' title='bbox 1246 3329 1467 3380; x_wconf 87' lang='lat' dir='ltr'>Corroiio</span> <span class='ocrx_word' id='word_1_546' title='bbox 1498 3330 1616 3378; x_wconf 88' lang='lat' dir='ltr'>nihil</span> <span class='ocrx_word' id='word_1_547' title='bbox 1650 3328 1887 3377; x_wconf 86' lang='lat' dir='ltr'>habuimus</span> <span class='ocrx_word' id='word_1_548' title='bbox 1919 3360 1935 3379; x_wconf 83' lang='grc'><strong>.</strong></span> <span class='ocrx_word' id='word_1_549' title='bbox 1965 3330 2073 3381; x_wconf 88' lang='lat' dir='ltr'>Du--</span> 
     </span>
     <span class='ocr_line' id='line_1_51' title="bbox 146 3402 342 3445; baseline -0.005 -1"><span class='ocrx_word' id='word_1_550' title='bbox 146 3403 188 3436; x_wconf 76' lang='lat' dir='ltr'>la</span> <span class='ocrx_word' id='word_1_551' title='bbox 225 3402 306 3445; x_wconf 64' lang='lat' dir='ltr'>unt</span> <span class='ocrx_word' id='word_1_552' title='bbox 324 3421 342 3444; x_wconf 71' lang='grc' dir='ltr'>ρ</span> 
     </span>
    </p>

    <p class='ocr_par' dir='ltr' id='par_1_10' title="bbox 51 3446 2069 3518">
     <span class='ocr_line' id='line_1_52' title="bbox 51 3446 2069 3518; baseline 0.001 -18"><span class='ocrx_word' id='word_1_553' title='bbox 51 3446 91 3500; x_wconf 81' lang='lat'>1·</span> <span class='ocrx_word' id='word_1_554' title='bbox 122 3460 201 3504; x_wconf 74' lang='lat' dir='ltr'>An</span> <span class='ocrx_word' id='word_1_555' title='bbox 217 3458 412 3513; x_wconf 74' lang='lat' dir='ltr'>Henrico</span> <span class='ocrx_word' id='word_1_556' title='bbox 434 3456 670 3513; x_wconf 81' lang='lat' dir='ltr'>Eustachio</span> <span class='ocrx_word' id='word_1_557' title='bbox 708 3458 882 3507; x_wconf 76' lang='lat' dir='ltr'>Corroli</span> <span class='ocrx_word' id='word_1_558' title='bbox 897 3456 1078 3516; x_wconf 64' lang='lat' dir='ltr'>Reblori</span> <span class='ocrx_word' id='word_1_559' title='bbox 1094 3455 1306 3513; x_wconf 83' lang='lat' dir='ltr'>Beneficii</span> <span class='ocrx_word' id='word_1_560' title='bbox 1321 3459 1463 3508; x_wconf 63' lang='lat' dir='ltr'>erebia·</span> <span class='ocrx_word' id='word_1_561' title='bbox 1491 3460 1549 3508; x_wconf 87' lang='lat' dir='ltr'>ad</span> <span class='ocrx_word' id='word_1_562' title='bbox 1567 3457 1742 3511; x_wconf 73' lang='lat' dir='ltr'>Altare</span> <span class='ocrx_word' id='word_1_563' title='bbox 1776 3463 1821 3506; x_wconf 80' lang='lat' dir='ltr'>S.</span> <span class='ocrx_word' id='word_1_564' title='bbox 1844 3457 2069 3518; x_wconf 81' lang='lat' dir='ltr'>Leodega-</span> 
     </span>
    </p>

    <p class='ocr_par' dir='ltr' id='par_1_11' title="bbox 308 3519 2066 3582">
     <span class='ocr_line' id='line_1_53' title="bbox 308 3519 2066 3582; baseline -0.003 -12"><span class='ocrx_word' id='word_1_565' title='bbox 308 3520 589 3579; x_wconf 65' lang='lat' dir='ltr'>riisbcundae</span> <span class='ocrx_word' id='word_1_566' title='bbox 623 3522 918 3569; x_wconf 84' lang='lat' dir='ltr'>Fundationis</span> <span class='ocrx_word' id='word_1_567' title='bbox 958 3524 1003 3567; x_wconf 88' lang='lat' dir='ltr'>in</span> <span class='ocrx_word' id='word_1_568' title='bbox 1040 3521 1293 3582; x_wconf 81' lang='lat' dir='ltr'>Collegiata</span> <span class='ocrx_word' id='word_1_569' title='bbox 1329 3519 1516 3578; x_wconf 76' lang='lat' dir='ltr'>Ecclesia</span> <span class='ocrx_word' id='word_1_570' title='bbox 1556 3527 1600 3566; x_wconf 83' lang='lat' dir='ltr'>S.</span> <span class='ocrx_word' id='word_1_571' title='bbox 1624 3521 1823 3569; x_wconf 79' lang='lat' dir='ltr'>Martini</span> <span class='ocrx_word' id='word_1_572' title='bbox 1845 3521 2066 3568; x_wconf 79' lang='lat' dir='ltr'>civitatis</span> 
     </span>
    </p>

    <p class='ocr_par' dir='ltr' id='par_1_12' title="bbox 302 3577 2067 3647">
     <span class='ocr_line' id='line_1_54' title="bbox 302 3577 2067 3647; baseline -0.002 -16"><span class='ocrx_word' id='word_1_573' title='bbox 302 3577 508 3633; x_wconf 84' lang='lat' dir='ltr'>Leodien.</span> <span class='ocrx_word' id='word_1_574' title='bbox 525 3599 623 3631; x_wconf 84' lang='lat' dir='ltr'>cum</span> <span class='ocrx_word' id='word_1_575' title='bbox 636 3600 769 3645; x_wconf 82' lang='lat' dir='ltr'>onere</span> <span class='ocrx_word' id='word_1_576' title='bbox 790 3582 1008 3647; x_wconf 82' lang='lat' dir='ltr'>explendi</span> <span class='ocrx_word' id='word_1_577' title='bbox 1028 3598 1187 3630; x_wconf 76' lang='lat' dir='ltr'>munus</span> <span class='ocrx_word' id='word_1_578' title='bbox 1213 3582 1568 3630; x_wconf 81' lang='lat' dir='ltr'>Hebdomadarii</span> <span class='ocrx_word' id='word_1_579' title='bbox 1589 3583 1852 3641; x_wconf 80' lang='lat' dir='ltr'>adformam</span> <span class='ocrx_word' id='word_1_580' title='bbox 1882 3582 2067 3642; x_wconf 76' lang='lat' dir='ltr'>Resolu-</span> 
     </span>
    </p>

    <p class='ocr_par' dir='ltr' id='par_1_13' title="bbox 302 3644 2069 3757">
     <span class='ocr_line' id='line_1_55' title="bbox 302 3644 2069 3709; baseline 0.001 -16"><span class='ocrx_word' id='word_1_581' title='bbox 302 3649 445 3699; x_wconf 78' lang='lat' dir='ltr'>tiom&#39;s</span> <span class='ocrx_word' id='word_1_582' title='bbox 465 3654 610 3695; x_wconf 76' lang='lat' dir='ltr'>Sacrae</span> <span class='ocrx_word' id='word_1_583' title='bbox 633 3647 1002 3709; x_wconf 76' lang='lat' dir='ltr'>congregationis</span> <span class='ocrx_word' id='word_1_584' title='bbox 1019 3647 1115 3694; x_wconf 78' lang='lat' dir='ltr'>diei</span> <span class='ocrx_word' id='word_1_585' title='bbox 1140 3659 1211 3702; x_wconf 83' lang='lat'>19.</span> <span class='ocrx_word' id='word_1_586' title='bbox 1242 3648 1381 3706; x_wconf 58' lang='lat' dir='ltr'>‘’Junii</span> <span class='ocrx_word' id='word_1_587' title='bbox 1436 3658 1563 3708; x_wconf 81' lang='lat'>1751.</span> <span class='ocrx_word' id='word_1_588' title='bbox 1596 3644 1818 3696; x_wconf 85' lang='lat' dir='ltr'>debeatur</span> <span class='ocrx_word' id='word_1_589' title='bbox 1847 3645 2069 3695; x_wconf 77' lang='lat' dir='ltr'>mensirua</span> 
     </span>
     <span class='ocr_line' id='line_1_56' title="bbox 1695 3720 2007 3757; baseline -0.01 -14"><span class='ocrx_word' id='word_1_590' title='bbox 1695 3741 1698 3743; x_wconf 89' lang='lat'>.</span> <span class='ocrx_word' id='word_1_591' title='bbox 1933 3720 2007 3757; x_wconf 69' lang='lat' dir='ltr'>re-</span> 
     </span>
    </p>
   </div>
  </div>
 </body>
</html>
