2571 3961
1940 204 1989 244 51

49 275 186 308 onera
216 256 561 320 pensitationum
579 256 903 305 substinetnon
935 253 1127 303 realium
1149 263 1357 306 tantum,
1388 265 1480 314 quo
1498 250 1598 299 casu
1615 249 1884 300 nihilesset.
1922 254 1993 299 sed

50 325 187 372 etiam
203 321 505 383 personalium
526 339 535 365 ι
570 321 911 368 Habitationem
930 334 1013 379 pro
1033 315 1191 374 majori
1223 316 1328 362 anni
1355 327 1479 375 parte
1495 316 1667 374 requiri
1692 350 1707 368 ,
1742 317 1821 362 ubi
1845 314 1993 377 agitur

48 385 128 435 vel
145 388 197 431 de
217 385 415 431 Civibus
437 384 607 430 allectis
627 419 639 436 ,
681 383 756 430 vel
773 384 828 429 de
849 383 1022 429 exteris
1042 380 1358 442 possidentibus
1373 415 1387 432 ‚
1421 389 1472 426 ut
1489 377 1702 426 Civicam
1720 379 1990 440 qualitatem

49 448 282 508 acquirere
300 447 458 508 possint
478 481 493 500 .
527 462 614 496 non
635 447 710 492 ubi
730 448 880 512 agitur
897 446 955 492 de
978 446 1035 491 iis
1053 476 1068 496 ‚
1102 445 1179 504 qui
1199 443 1342 490 Cives
1359 441 1472 490 fiunt
1491 442 1546 487 ab
1564 440 1655 501 ipso
1669 442 1771 495 Jure
1790 439 1993 487 Munici-

47 509 174 575 pali:
215 523 479 559 extraneam
516 513 671 570 itaque
688 507 773 555 esse
809 507 925 563 Juris
957 507 1157 555 Romani
1185 505 1552 567 dispositionem,
1585 519 1767 566 eamque
1786 503 1913 550 silere
1941 502 1990 548 in

50 572 287 634 conspeeTtu
304 571 656 627 ,lurisGaliesmi
678 604 692 618 .

0 638 134 687 Addit
157 635 250 683 haec
268 634 507 697 liquidiora
524 632 620 682 fieri
651 651 706 682 ex
730 645 882 680 mente
901 629 1246 679 testamentariae
1265 629 1565 692 dispositionis
1586 629 1839 693 Theophili
1862 626 1989 676 Gar·

52 699 188 764 gabis
221 699 381 745 Voluit
404 698 524 744 enim
545 734 558 751 ‚
591 709 641 743 ut
659 697 804 756 palam
824 693 877 742 fit
909 694 1075 750 exejus
1108 694 1260 739 verbis
1285 727 1301 746 ,
1328 694 1515 745 decori,
1548 695 1720 742 nomini
1743 727 1757 746 ‚
1789 694 1831 741 &
1853 691 1992 741 utili-

51 764 138 811 tati
162 761 320 809 Patriae
338 760 422 808 suae
436 760 701 829 perspicere
721 789 738 805 .
772 757 992 818 Impletur
1011 769 1159 805 autem
1177 756 1270 802 haec
1290 758 1386 813 ejus
1405 771 1531 803 mens
1566 757 1697 818 longe
1732 757 1895 803 melius
1911 789 1924 807 ‚
1960 751 1993 800 si

54 825 144 873 filii·
158 824 326 871 Sanctae
343 825 665 873 admittantur,
693 820 770 884 qui
789 855 803 874 ‚
828 835 933 868 cum
955 820 1153 882 amplum
1173 818 1436 866 Maternum
1453 819 1769 880 patrimonium
1789 815 1992 864 habituri

54 889 142 934 sint
159 921 173 937 ‚
204 900 305 932 cum
325 886 370 934 in
387 884 512 932 Urbe
535 884 862 932 lares-habeant
880 919 894 937 ‚
922 894 1138 944 poterunt
1155 883 1295 928 etiam
1314 881 1405 943 post
1424 881 1683 928 sexennium
1701 881 1872 928 Studiis
1890 895 1993 939 ope-

53 966 152 999 ram
167 951 270 995 dare
294 980 310 999 ,
344 962 443 1010 quse
457 949 605 993 caeteri
627 945 950 994 Adulescentes
969 946 1129 1004 inopiae
1156 946 1287 992 causa
1306 977 1320 996 ,
1352 946 1393 990 δι
1419 944 1485 991 rei
1521 944 1754 992 familiaris
1791 941 1994 1004 angustia

53 1014 255 1060 deserere
276 1010 453 1060 solent,
482 1008 759 1072 impletoque
779 1010 995 1057 sexennio
1012 1008 1262 1055 Gallesium
1281 1006 1478 1054 revisunt
1500 1043 1513 1061 ,
1544 1006 1698 1069 ibique
1725 1005 1885 1053 desides
1904 1041 1917 1058 ,
1950 1004 1994 1049 δι

51 1073 220 1122 Patriae
239 1072 423 1120 inutiles
442 1070 565 1120 viam
583 1074 749 1120 vivunt
789 1072 1007 1135 inglorii:
1043 1072 1198 1133 Longe
1230 1085 1377 1118 veroa
1408 1070 1513 1118 casu
1544 1068 1686 1116 abesse
1715 1068 1997 1117 Sententiam

51 1151 175 1186 anno
198 1141 332 1199 1738.
349 1133 488 1182 latam
516 1137 560 1181 in
580 1133 831 1183 Tribunali
853 1138 913 1183 A.
934 1132 992 1182 C.
1007 1149 1108 1181 cum
1125 1133 1281 1195 ,loseph
1302 1131 1491 1181 Zazztra
1512 1165 1527 1184 ,
1556 1148 1702 1194 neque
1719 1133 1834 1189 juris
1865 1145 1997 1177 com-

50 1197 231 1253 munia,
260 1213 400 1260 neque
417 1197 533 1252 Juris
551 1198 845 1260 Municipalis
870 1196 1168 1255 dispositione
1186 1195 1338 1252 iuvari
1361 1195 1503 1256 posset
1523 1230 1536 1248 ‚
1566 1212 1670 1244 curn
1705 1211 1792 1242 non
1817 1192 1922 1240 esset
1938 1191 1996 1238 fi-

53 1260 145 1308 Zius
160 1264 318 1311 matris
338 1259 610 1314 Gallesmae,
643 1261 722 1309 sed
755 1262 904 1308 aviam
933 1258 1212 1307 Gallesinam
1241 1258 1493 1312 habuisset,
1526 1274 1619 1320 quo
1653 1259 1754 1306 casu
1775 1257 1871 1304 silet
1893 1259 1996 1304 Sta-

54 1334 241 1380 tutumj
274 1338 418 1386 eoque
436 1325 629 1386 amplius
644 1360 658 1378 ‚
689 1325 810 1384 quod
828 1326 1015 1370 aberant
1031 1338 1093 1370 eae
1115 1322 1214 1368 fasti
1232 1321 1579 1369 circumstantiae
1601 1356 1614 1374 ,
1643 1337 1737 1382 quae
1758 1322 1802 1368 in
1821 1337 1866 1366 re
1886 1334 1994 1379 prae-

51 1386 170 1437 senti
188 1386 339 1437 Litem
355 1386 609 1443 adiudicare
625 1386 801 1448 possunt
818 1384 928 1433 filiis
946 1386 1111 1433 Sanssae
1128 1401 1143 1436 3
1178 1384 1372 1432 Nullum
1391 1384 1584 1445 denique
1602 1385 1763 1432 horum
1776 1383 1996 1431 admissio-

52 1464 110 1496 ne
126 1451 443 1498 detrimentum
476 1450 637 1497 inferri
659 1447 917 1513 originariis
951 1447 1054 1495 aliis
1075 1447 1272 1496 Civibus
1290 1481 1304 1500 ,
1334 1449 1508 1494 nullum
1529 1447 1755 1498 Civitati;
1797 1449 1996 1507 imputa-

51 1527 105 1561 re
136 1511 257 1560 enim
279 1513 361 1559 sibi
381 1512 461 1559 alii
479 1512 712 1575 originarii
741 1511 1059 1560 Adolescentes
1089 1510 1255 1557 debent
1273 1544 1286 1562 ,
1321 1509 1352 1556 si
1372 1525 1525 1569 parum
1558 1510 1705 1557 idonei
1735 1510 1817 1558 sint
1835 1545 1847 1563 ,
1881 1511 1922 1557 &
1947 1509 1995 1554 in

51 1575 257 1623 examine
278 1576 576 1638 reprobentur
590 1611 604 1628 ‚
637 1591 785 1638 neque
818 1574 939 1623 enim
960 1573 1179 1623 Testator
1194 1574 1330 1621 solam
1347 1573 1634 1635 originariam
1651 1573 1865 1620 Civicam
1881 1586 1995 1634 qua-

48 1637 232 1685 litatem
256 1654 344 1700 prae
363 1638 507 1686 oculis
526 1638 688 1685 habuit
704 1672 717 1689 ‚
751 1638 828 1685 sed
855 1653 934 1686 eos
956 1638 1280 1686 Adolescentes
1311 1635 1441 1697 seligi
1461 1636 1612 1683 voluit
1631 1672 1644 1689 ‚
1675 1637 1784 1695 qui,
1836 1637 1960 1681 bonae
1979 1667 1994 1686 ,

0 1734 86 1756 .--,,
118 1702 160 1747 ὄι
179 1703 367 1765 egregiae
391 1700 560 1749 indolis
599 1699 740 1748 essent
760 1736 774 1756 ,
805 1702 849 1749 &
883 1715 976 1762 quo
1009 1700 1148 1764 magis
1166 1699 1265 1747 fieri
1295 1698 1450 1759 possit,
1492 1700 1747 1758 pulcrorum
1787 1697 1996 1760 ingenio-

50 1798 86 1818 ‚,
117 1777 216 1810 rum
234 1796 248 1816 ,
280 1767 322 1813 ὅτ
342 1779 364 1810 a
400 1775 551 1811 torum
568 1764 621 1810 ad
654 1763 809 1812 Studia
828 1798 854 1818 ‚2
882 1780 896 1814 3
930 1761 961 1808 si
984 1763 1117 1821 hujus
1140 1764 1310 1824 ingenii
1330 1775 1461 1808 erunt
1483 1761 1565 1807 alii
1595 1762 1834 1823 originarii
1859 1761 1995 1806 Ado—

49 1825 269 1874 lescentes
290 1781 507 1874 Gaiiesini
522 1860 535 1878 ,
570 1827 734 1876 timere
755 1842 851 1874 non
871 1827 1035 1875 debent
1053 1841 1078 1872 a
1096 1824 1209 1872 filiis
1227 1825 1390 1873 SanChie
1408 1859 1420 1877 ‚
1454 1824 1589 1872 sinon
1611 1837 1741 1871 erunt
1758 1860 1771 1878 ,
1805 1822 1884 1869 sibi
1907 1823 1995 1870 im-

50 1901 210 1951 putare
226 1889 387 1936 debent
407 1925 420 1944 ,
447 1904 539 1939 non
559 1889 797 1937 concursui
821 1887 1023 1937 filiorum
1045 1889 1210 1936 Sancta:
1229 1905 1244 1940 ς
1273 1887 1688 1949 Civitatiquoque
1714 1889 1893 1934 nullum
1914 1889 1996 1933 de-

50 1952 303 2001 trimentun
330 1951 523 2004 inferri,
555 1967 652 2013 quae
674 1968 731 1999 ex
753 1952 853 2016 lege
877 1951 1214 1999 testamentariae
1237 1949 1540 2010 dispositionis
1575 1951 1741 1998 fruetus
1761 1949 2000 1997 haeredita-

51 2014 141 2063 rios
163 2029 351 2078 erogare
363 2015 495 2063 debet
515 2014 562 2065 in
582 2014 816 2065 subsidium
839 2015 913 2062 sex
942 2014 1309 2062 Adolescentium
1328 2050 1340 2067 ‚
1372 2014 1448 2075 qui
1469 2013 1638 2061 Studiis
1655 2029 1836 2072 operam
1854 2023 1960 2058 dent
1981 2045 1996 2065 ,

52 2093 144 2126 non
165 2079 212 2124 in
227 2078 337 2128 alias
358 2078 513 2127 causas
529 2112 543 2131 ‚
577 2093 665 2124 non
687 2078 732 2124 in
755 2078 909 2126 usuras
930 2078 1028 2125 aeris
1046 2077 1185 2140 alieni
1206 2078 1262 2123 ab
1282 2075 1370 2137 ipsa
1386 2079 1603 2123 contracti
1638 2076 1962 2138 expungendas
1978 2105 1994 2119 .

54 2142 170 2188 Haec
185 2141 471 2188 Caelestinius
487 2174 503 2189 .
531 2140 753 2194 Iudicium
779 2141 926 2201 itaque
946 2141 1033 2187 erit
1054 2140 1512 2188 Eminentiffimorum
1529 2141 1718 2187 Patrum
1736 2141 1851 2186 hanc
1868 2136 1997 2184 Con-

54 2202 323 2254 troversiam
344 2204 553 2252 dirimere
572 2201 839 2250 definitione
860 2204 990 2259 huius
1011 2203 1166 2253 Dubii.
1181 2235 1194 2246 .

0 2269 78 2318 {Aa
105 2267 218 2315 filii
239 2270 408 2316 Siznstae
435 2269 649 2314 Nardoni
675 2266 764 2323 fini
795 2268 1064 2320 admittendi¹
1083 2270 1140 2314 ad
1172 2267 1377 2328 legatum
1409 2268 1672 2315 Studiorum
1708 2268 1916 2317 reliblum
1935 2287 1995 2315 ιε,

250 2330 490 2394 Theophilo
509 2332 717 2401 Gargani
732 2333 779 2378 in
802 2330 901 2392 casu
923 2336 1023 2380 &a

120 2455 356 2518 Negative
376 2495 389 2509 .

108 2582 498 2641 AVENTINA,
534 2586 649 2636 SEU
687 2590 960 2639 IMOLEN.
990 2589 1380 2639 ELECTIONIS
1401 2628 1411 2638 .
1445 2589 1739 2637 Testamenta
1759 2622 1772 2641 ‚
1811 2603 1899 2651 quo
1915 2589 1997 2635 de*

117 2645 239 2716 cessit
262 2650 476 2718 Sacerdos
495 2650 670 2711 Caspar
690 2656 743 2700 de
763 2652 880 2702 Bolis
899 2669 1031 2702 natus
1052 2657 1095 2702 in
1115 2656 1298 2717 Oppido
1323 2655 1581 2702 Cottiniolae
1617 2652 1840 2699 haeredem
1878 2651 1994 2698 scri-

61 2708 143 2772 psit
160 2711 426 2759 Sodaiitium
445 2714 705 2762 Sanstiflimi
725 2717 947 2778 Corporis
967 2718 1139 2765 Christi
1159 2719 1355 2772 ejusdem
1374 2715 1562 2779 Oppidi,
1580 2719 1685 2762 dato
1703 2716 1849 2762 eidem
1873 2729 1994 2760 one-

62 2788 111 2819 re
130 2807 144 2825 ‚
173 2786 223 2819 ut
251 2789 306 2823 eit
343 2790 470 2835 parte
506 2778 726 2825 bonorum
754 2780 1142 2828 haereditariorum
1168 2778 1490 2827 Mon-asterium
1508 2777 1925 2825 sanctimonialium
1948 2776 1995 2823 in

61 2835 216 2882 eodem
234 2837 418 2898 Oppido
449 2839 658 2887 fundaret
678 2876 691 2894 ,
725 2858 776 2888 ea
809 2842 976 2898 adjecta
995 2844 1093 2905 lege
1112 2879 1123 2896 ,
1162 2856 1211 2890 ut
1238 2839 1465 2890 aedificato
1504 2841 1784 2888 Monasterio
1810 2874 1824 2892 ³
1854 2852 1992 2885 tene—

60 2900 603 2967 rentur-Sandimoniales
620 2935 653 2955 „
686 2917 912 2952 accettare
927 2942 939 2959 ‚
974 2923 999 2952 e
1018 2919 1280 2953 mantenere
1300 2906 1472 2966 sempre
1491 2905 1537 2950 in
1553 2920 1764 2967 perpetuo
1788 2904 1858 2951 tr&
1875 2901 1995 2948 Gio-

64 2991 98 3012 2,
130 2973 425 3029 vani-povere
459 2981 537 3023 per
554 2967 692 3013 Suore
708 2969 753 3015 di
773 2972 897 3016 detto
916 2969 1166 3017 Convento
1190 3005 1203 3022 ,
1231 2971 1313 3016 due
1331 2970 1384 3014 da
1400 2968 1526 3015 Coro
1548 3003 1560 3019 ‚
1596 2970 1654 3015 ed
1674 2985 1758 3015 una
1779 2966 1995 3013 Conver-

62 3044 97 3076 ,·,
133 3022 174 3069 sa
200 3023 245 3069 di
267 3027 418 3085 questa
435 3027 579 3077 Terra
603 3063 617 3081 ‚
654 3046 684 3077 o
722 3031 803 3080 suo
840 3032 1100 3079 Territorio
1129 3031 1260 3078 senza
1289 3031 1416 3078 Dote
1438 3068 1448 3085 ‚
1478 3029 1597 3078 fuori
1631 3034 1714 3077 che
1756 3032 1785 3078 li
1816 3033 1957 3092 panni
1981 3062 1995 3079 .

63 3119 96 3140 ,‚
130 3083 187 3131 ed
225 3085 404 3152 utenfili
428 3091 667 3144 consueti,
708 3095 761 3138 da
791 3094 1010 3156 eleggeisi
1043 3110 1119 3157 per
1145 3094 1234 3142 esso
1270 3093 1508 3140 'I'estatore
1527 3128 1540 3147 ‚
1571 3095 1709 3141 osuoi
1733 3092 1866 3142 Eredi
1886 3126 1900 3144 ‚
1935 3092 1994 3138 ed

63 3183 99 3202 2,
131 3145 419 3220 effendovene
436 3153 562 3200 delle
584 3157 884 3215 povere'abili
905 3158 976 3204 del
994 3157 1076 3205 suo
1094 3158 1343 3217 parentado
1357 3158 1409 3202 de
1425 3156 1546 3204 Bolis
1565 3192 1576 3209 ,
1607 3159 1748 3204 vnole
1767 3193 1780 3211 ‚
1809 3157 1892 3204 Che
1910 3154 1992 3200 fia·

61 3244 96 3266 „
126 3226 185 3280 no
220 3212 479 3282 preferitea
517 3228 671 3269 tutte,
703 3235 728 3266 e
764 3220 1141 3267 mancandovene
1175 3218 1292 3266 delle
1321 3232 1388 3267 tre
1417 3218 1629 3266 suddette
1661 3222 1797 3267 vuole
1816 3256 1828 3272 ,
1863 3217 1994 3266 chefi

58 3307 94 3327 2,
125 3276 238 3336 pigli
255 3274 363 3330 dell.
388 3276 507 3324 altre
526 3280 664 3337 prima
687 3315 701 3334 ,
731 3284 813 3329 che
835 3282 864 3328 si
885 3283 1018 3343 potra
1034 3318 1047 3335 ‚
1080 3299 1104 3328 e
1125 3294 1257 3330 come
1274 3282 1322 3330 di
1342 3283 1465 3345 sopra
1485 3317 1499 3336 ,
1537 3284 1584 3329 in
1602 3286 1733 3330 modo
1756 3285 1846 3330 tale
1869 3319 1879 3336 ‚
1911 3282 1996 3329 che

60 3370 95 3390 „
127 3336 299 3394 sempre
319 3354 447 3384 verne
466 3340 586 3388 siano
606 3343 654 3388 in
689 3343 941 3392 Convento
969 3347 1041 3392 tre
1068 3346 1112 3391 di
1141 3345 1292 3406 queste
1316 3381 1344 3401 „
1367 3381 1378 3392 .
1419 3348 1495 3393 Ab
1516 3347 1653 3392 Anoo
1679 3349 1810 3406 1659·
1829 3378 1844 3397 2
1874 3359 1962 3406 quo
1981 3379 1996 3398 ³

58 3413 114 3444 ex
139 3398 373 3467 ‘zedificato
391 3403 669 3473 Monasterio
692 3443 706 3459 ,
735 3408 781 3454 in
801 3408 919 3454 illud
936 3424 1189 3455 convenere
1207 3407 1470 3461 Moniales,
1504 3407 1695 3468 impleta
1715 3407 1802 3455 fuit
1830 3407 1997 3454 Testa-

56 3463 405 3530 toris-voluntas
422 3501 435 3517 ,
465 3468 618 3514 electis
644 3469 815 3517 Puellis
831 3471 1108 3534 pauperibus
1125 3470 1393 3519 Cottiniolae
1410 3470 1529 3517 natis
1546 3505 1558 3520 ‚
1596 3471 1670 3516 vel
1693 3470 1738 3517 in
1760 3470 1855 3526 eius
1873 3467 1996 3517 Ter·

56 3537 247 3593 ritorto,
276 3525 316 3569 δι
339 3525 370 3571 si
390 3543 486 3597 quae
516 3530 634 3576 inter
651 3546 972 3580 concurrentes
1003 3533 1190 3580 fuerunt
1210 3533 1268 3579 de
1302 3534 1491 3580 Familia
1521 3531 1644 3579 Bolis
1664 3549 1886 3596 pauperes
1915 3533 1996 3580 ha—

57 3587 264 3646 bilesque
280 3619 293 3636 ‚
321 3602 494 3657 caeteris
517 3595 708 3652 praelatae
726 3595 912 3644 fuerunt
933 3629 946 3648 ,
978 3595 1008 3641 si
1030 3612 1143 3643 vero
1159 3596 1226 3642 his
1243 3596 1542 3657 qualitatibus
1564 3630 1578 3648 ‚
1609 3611 1721 3660 quas
1738 3596 1885 3644 voluit
1899 3595 2000 3641 Te-

56 3648 196 3706 stator
220 3682 232 3698 2
262 3650 616 3702 destituebantur
635 3690 648 3708 ‚
682 3657 782 3705 aliae
806 3659 917 3704 lieet
934 3669 1157 3705 extraneae
1179 3658 1424 3707 nominatae
1450 3657 1631 3706 fuerunt
1652 3697 1663 3712 ,
1704 3659 1747 3707 &
1769 3659 1965 3706 admissae
1988 3697 2000 3708 .

59 3709 109 3757 ld
127 3711 466 3822 PFObCZPOsZ-’DJ
499 3717 564 3771 J0=
579 3720 822 3777 Antonius
838 3720 897 3770 de
930 3717 1061 3770 Bolis
1084 3722 1231 3830 patga
1249 3719 1516 3787 Lugienfis,
1552 3732 1600 3768 ut
1630 3722 1880 3829 Apollonsia
1905 3717 2001 3770 filia

290 3792 355 3824 om
403 3787 440 3823 ,Χ
466 3788 518 3826 V.
1241 3798 1269 3832 2
1852 3798 1905 3829 ¹1²
1927 3819 1942 3837 2
