2571 3961
63 246 92 266 ‚,
124 207 210 257 elie
229 202 351 251 nella
368 200 598 249 medesitna
616 198 646 247 si
666 196 793 260 possa
810 198 906 246 fare
926 210 1014 246 una
1036 193 1236 260 Digniti
1252 196 1374 245 sotto
1399 208 1534 246 nome
1550 193 1592 241 di
1612 194 1902 258 Propositum
1917 234 1929 251 ,
1951 150 2005 245 33

60 307 94 328 „
126 283 216 318 con
233 270 419 376 {plauto
434 263 665 311 canonici
687 263 771 311 ὅτε.
795 272 860 310 De
883 269 1146 308 ‘Patronatu
1165 277 1278 310 vero
1315 266 1384 309 ita
1415 260 1630 323 disposuit
1645 284 1670 294 -
1689 259 1727 306 ll
1746 258 2010 313 Patronato,

60 369 95 391 ,‚
128 333 255 380 elezz
275 343 364 375 one
382 362 395 379 ‚
433 343 458 373 e
478 325 820 390 presentazione
846 321 896 370 di
919 322 1032 371 Pers
1030 338 1115 369 one
1138 323 1304 372 idonee
1319 323 1410 372 alle
1429 320 1628 385 Digniii
1642 356 1657 375 ‚
1684 336 1710 366 e
1728 320 2011 371 Canonicati

61 429 95 453 „
125 393 185 441 sia
209 402 230 446 ,³
253 391 311 440 ed
332 389 439 437 esser
452 391 642 443 debba,e
663 397 699 436 s’
714 398 991 448 appartenga
1014 385 1096 432 alli
1116 385 1216 449 figij
1237 387 1400 434 maschi
1419 400 1444 432 e
1460 383 1739 434 descendenti
1760 384 1803 430 in
1830 384 2013 432 infinito

62 493 98 515 ‚,
131 455 248 504 dalle
271 454 399 515 figlie
417 451 533 500 delli
554 451 797 512 sopradetti
815 448 913 496 suoi
934 448 1058 498 credi
1081 448 1264 497 istituiti
1289 464 1416 498 come
1446 447 1574 511 sopra
1594 447 1682 498 διε.
1703 464 1728 495 e
1762 450 2015 495 mancando

61 547 99 579 -,‚
131 520 178 566 la
195 516 496 566 discendenza
515 515 761 562 mascolina
778 513 896 561 delle
913 511 1040 573 figlie
1062 510 1227 571 femine
1243 513 1360 561 delli
1378 512 1491 561 detti
1505 509 1626 560 eredi
1662 510 1846 558 istituiti
1879 525 2014 558 come

65 621 101 641 ‚‚
136 584 262 642 sopra
284 616 295 634 ‚
329 594 354 626 e
374 594 463 626 non
484 594 540 626 ve
557 593 611 625 ne
628 575 803 625 essendo
820 611 834 629 ,
869 573 1103 623 succedino
1121 575 1193 622 nel
1219 578 1345 624 detto
1379 576 1627 623 Patronato
1650 609 1663 626 ,
1699 591 1725 623 e
1742 571 1931 635 ragione
1966 573 2017 622 dvi

66 683 102 704 „
135 642 398 708 presentare
411 641 463 689 ed
477 641 685 704 eleggere
705 640 738 685 li
759 636 856 700 figli
878 636 1046 685 maschi
1063 672 1076 689 ‚
1112 653 1137 683 e
1158 638 1457 687 descendenti
1488 639 1533 685 in
1556 636 1737 685 infinito
1756 636 1874 683 coll’
1891 636 2018 684 ordi—

66 745 101 767 „
132 721 189 754 ne
208 706 445 753 succeslivo
462 705 548 751 διε.
570 703 690 750 della
708 703 898 763 Signora
914 699 1131 748 Giuditta
1147 702 1225 748 del
1243 703 1467 764 quondam
1501 703 1659 763 Signor
1693 695 1798 747 Gio.
1817 698 2017 748 Gabriel

28 805 29 808 =
67 810 104 832 ‚,
136 769 173 818 li
193 767 238 817 di
255 767 346 815 esso
361 768 522 829 Signor
539 764 779 811 Testatore
799 764 956 825 nipote
975 779 1182 824 germana
1201 780 1284 826 per
1317 779 1405 813 una
1444 779 1556 811 voce
1588 764 1694 823 pero
1726 759 1979 809 solamente
2002 795 2018 814 ,

68 871 106 893 „
135 841 164 880 e
180 846 258 893 per
274 847 332 878 un
350 830 463 878 altra
481 843 594 878 voce
608 827 640 874 li
659 824 754 889 figli
775 826 942 875 maschi
963 860 975 877 ,
992 841 1017 873 e
1033 826 1324 876 descendenti
1345 829 1390 874 in
1408 826 1589 876 infinito
1610 841 1739 874 come
1755 824 1879 884 sopra
1897 824 2020 873 delle

71 935 106 956 ‚‚
137 894 284 955 Figlie
305 893 468 940 semine
484 892 555 938 del
572 889 731 950 Signor
747 888 963 937 Gabriele
980 924 992 940 ,
1031 887 1074 935 se
1091 905 1146 936 ne
1166 892 1274 938 avra
1297 927 1311 944 ,
1346 907 1374 939 e
1394 907 1479 954 per
1500 891 1585 936 due
1607 889 1724 936 altre
1745 888 1854 933 voci
1877 887 1910 933 li
1955 886 2015 934 fi-

71 996 107 1017 „
138 957 203 1023 gli
221 956 385 1003 marchi
405 952 734 1002 edescendenti
755 949 999 999 ininfinito
1017 953 1102 1000 διο.
1133 968 1212 1014 per
1247 955 1368 1001 linea
1390 953 1635 1002 masculina
1670 952 1714 997 di
1753 960 1876 995 tutte
1895 950 1938 996 le
1956 952 2017 998 fi-

70 1059 107 1080 „
138 1021 205 1084 gii
223 1020 294 1066 del
311 1018 568 1079 sopradetto
585 1017 752 1075 Signor
771 1016 970 1062 Ottavio
987 1014 1065 1062 suo
1084 1017 1287 1064 Fratello
1303 1031 1522 1080 germano
1541 1016 1624 1065 διε.
1644 1050 1658 1068 ,
1695 1013 1739 1061 ὰ
1758 1010 1917 1061 estinte
1940 1025 2018 1060 to-

69 1121 104 1143 „
140 1083 355 1134 talmente
375 1083 415 1128 le
437 1080 555 1128 linee
571 1079 823 1125 mascoline
837 1079 954 1124 delle
983 1081 1221 1140 predette,
1251 1095 1276 1126 e
1309 1078 1604 1128 ciascheduna
1640 1076 1684 1125 di
1722 1075 1838 1128 esl'e,
1869 1092 1900 1123 ο
1920 1091 2015 1122 non

70 1184 105 1204 ,‚
140 1161 196 1196 ve
214 1159 269 1191 ne
281 1143 487 1194 essendo,
519 1141 547 1188 sl
564 1143 759 1188 devolva
777 1143 819 1188 la
835 1140 966 1187 detta
989 1141 1182 1202 ragione
1204 1142 1255 1189 di
1272 1142 1538 1206 presentare
1557 1140 1648 1187 alle
1669 1140 1795 1186 dette
1835 1137 2015 1202 Digni-

70 1213 118 1260 ιὲ
136 1245 150 1264 ,
180 1222 210 1255 >e
229 1205 501 1254 Canonicati
522 1241 533 1258 ‚
566 1219 591 1251 e
611 1205 739 1250 detto
752 1203 1007 1266 JPatronato
1023 1213 1058 1251 ς’
1080 1205 1242 1264 aspetti
1262 1243 1274 1259 ‚
1295 1222 1320 1253 e
1339 1207 1536 1255 devolva
1569 1204 1655 1252 all²
1674 1200 1928 1250 OrdinarIO
1947 1237 1979 1255 „
1999 1236 2012 1254 .

71 1273 355 1328 Defecerant
376 1268 529 1316 Lineae
549 1264 805 1315 masculinae
824 1267 1046 1314 haeredum
1075 1283 1193 1315 anno
1213 1283 1340 1324 ¹739·
1370 1281 1515 1318 morte
1549 1271 1618 1324 Jo.
1638 1264 1867 1313 Gabrielis
1887 1299 1901 1317 ,
1935 1279 2017 1311 ne-

70 1352 164 1401 que
182 1346 334 1381 tamen
353 1332 619 1393 Collegiata
640 1328 756 1390 erigi
775 1331 924 1389 potuit
941 1364 954 1382 ,
989 1329 1299 1379 obsistentibus
1319 1334 1566 1380 haeredi'bus
1587 1329 1689 1376 dicti
1728 1328 1880 1375 ultimi
1918 1342 2015 1374 ma—

69 1399 183 1447 sculi
202 1435 215 1453 ,
246 1399 321 1459 qui
341 1398 404 1444 ob
421 1394 640 1459 plurimas
660 1392 958 1440 detractiones
971 1392 1227 1441 Testatoris
1246 1395 1553 1444 haereditatem
1586 1395 1782 1440 retinere
1803 1392 2013 1438 intende-

69 1462 186 1513 bant
207 1499 217 1509 .
256 1463 324 1507 Re
345 1460 407 1505 ·in
449 1456 679 1513 judicium
709 1457 856 1504 delata
871 1489 883 1508 ‚
916 1456 1009 1517 post
1040 1456 1192 1519 longas
1225 1474 1372 1506 moras
1404 1455 1706 1507 controversia
1747 1453 1888 1514 sopita
1924 1451 2016 1500 fuit

69 1523 372 1574 transactione
389 1557 403 1575 ,
440 1522 486 1567 in
504 1535 590 1580 qua
607 1517 806 1581 expresse
822 1519 1090 1568 reservatum
1110 1521 1195 1569 suit
1219 1521 1534 1585 Apostolicuin
1552 1519 1788 1579 Beneplaci
1801 1528 1894 1563 tum
1915 1552 1925 1563 .

6 1588 226 1640 Precibus
246 1586 384 1648 igitur
415 1582 690 1630 Sanetifl'imo
723 1582 929 1631 Domino
961 1583 1107 1632 nostro
1140 1585 1340 1639 oblatis,
1372 1584 1687 1647 postulabatur
1721 1577 2016 1626 confirmatio

74 1649 386 1700 transactionis
406 1681 419 1698 ,
449 1646 491 1692 ὅ(
510 1644 811 1692 commutatio
833 1646 1084 1694 voluntatis
1101 1650 1294 1696 defuncti
1311 1685 1325 1703 ,
1349 1666 1437 1712 qua
1457 1662 1580 1708 parte
1602 1644 1780 1703 iusserat
1800 1641 2014 1691 aedificari

72 1711 316 1762 Ecclesiam
334 1746 347 1765 ‚
386 1709 434 1754 in
452 1724 540 1772 qua
557 1709 765 1770 erigenda
786 1705 890 1756 esset
909 1708 1170 1773 Collegiata
1188 1748 1198 1762 ,
1226 1725 1273 1759 ut
1291 1714 1383 1760 haec
1408 1709 1723 1758 transferi-etur
1765 1707 1810 1752 in
1850 1704 2023 1752 Eccle-

72 1778 180 1825 siam
201 1775 246 1822 S.
268 1771 533 1840 Laurent1i3
566 1787 663 1833 quae
686 1771 836 1818 Mater
853 1772 916 1819 est
935 1770 978 1819 in
991 1774 1147 1821 eadem
1169 1774 1312 1834 Terra
1329 1775 1527 1835 Sarteani
1550 1806 1565 1823 ,
1595 1772 1788 1832 dataque
1810 1768 2015 1832 postula-

70 1838 218 1888 tionis
235 1838 371 1894 hujus
394 1835 656 1897 cognitione
668 1834 807 1883 Sacro
819 1835 926 1886 huic
949 1836 1190 1884 'si-ibunali
1209 1874 1221 1891 ‚
1256 1851 1437 1900 rogatus
1451 1835 1538 1884 fuit
1558 1838 1674 1882 clar.
1694 1847 1828 1881 mem.
1849 1830 2015 1880 Cardi-

71 1900 195 1951 nalis
214 1899 425 1953 Ele—liius,
460 1908 539 1950 ut,
572 1913 617 1944 re
634 1898 845 1958 perpensa
864 1935 876 1953 ,
920 1900 1058 1946 animi
1077 1900 1143 1948 sui
1162 1899 1442 1951 Sententiam
1478 1898 1741 1962 explicaret
1766 1927 1780 1941 .
1807 1893 2020 1952 Respon-

72 1965 142 2013 dit
160 1965 343 2012 eensere
360 1998 375 2016 ,
401 1972 452 2009 ut
470 1961 709 2013 transactio
725 1960 831 2008 esset
850 1965 1134 2024 approbanda
1155 2003 1165 2017 ‚
1204 1979 1252 2014 ut
1269 1966 1536 2029 Collegiata
1562 1960 1670 2024 erigi
1694 1955 1834 2020 posset
1855 1955 1902 2001 in
1926 1956 2019 2004 Ec-

72 2026 208 2076 clesia
224 2029 268 2074 S.
289 2025 555 2078 Laurentii,
589 2026 814 2088 assignatis
832 2024 1029 2075 Ecclesiae'
1049 2043 1131 2091 pro
1153 2027 1403 2078 necessariis
1444 2025 1653 2087 impensis
1688 2025 1800 2070 scut.
1824 2033 1896 2074 25·
1934 2035 2024 2066 an·

74 2093 177 2138 nuis
194 2126 208 2144 ,
242 2103 380 2152 utque
398 2088 735 2137 reservarentur
754 2093 915 2137 ‘Prima
933 2096 1152 2153 Dignitas
1173 2098 1219 2141 in
1237 2096 1358 2141 omni
1371 2095 1614 2141 vacari-one
1633 2089 1690 2132 ad
1712 2085 1920 2131 S-znfi‘am
1941 2091 2019 2131 Se·-

76 2157 176 2203 de³m
195 2154 505 2219 Apostolicam
515 2153 658 2213 juxta
674 2151 895 2215 Regulam
909 2167 956 2200 4.
978 2158 1267 2204 can-cellariae·
1287 2191 1298 2207 ‚
1327 2161 1385 2205 ώ-
1407 2167 1604 2218 quatuor
1641 2163 1794 2197 omnes
1830 2151 2020 2192 Canoni-

80 2229 213 2265 catus
225 2219 362 2275 juxta
386 2218 559 2273 Menses
577 2220 870 2264 vacationum
890 2219 947 2262 ad
961 2219 1151 2266 Formam
1172 2218 1346 2280 Regul'ae
1366 2217 1610 2278 9.ejusdem
1632 2210 1906 2261 cancellaria
1921 2241 1937 2256 .
1955 2206 2030 2255 Re

81 2277 176 2341 post
192 2282 275 2326 hoc
288 2278 543 2340 responsum
585 2277 807 2348 proposita
827 2279 873 2324 i'n
903 2278 1271 2342 Congregatione
1307 2280 1457 2328 habita
1491 2279 1570 2326 die
1587 2291 1658 2324 zo.
1693 2271 1864 2320 Martii
1900 2286 2027 2318 anno

80 2357 218 2404 1744.
232 2342 556 2407 rescripserunt
575 2341 918 2388 Eminentisfimi
954 2343 1043 2389 PP-
1071 2370 1087 2377 -
1123 2353 1217 2392 Pro
1251 2343 1576 2407 approbatione
1610 2338 1847 2388 concardiae
1877 2334 2020 2401 [uxta

91 2414 258 2454 Votum
281 2408 620 2465 Eminentiffimi
639 2409 868 2463 Relatoris
886 2435 901 2451 .
936 2406 1044 2452 Non
1059 2407 1178 2452 obid
1197 2419 1347 2455 tamen
1363 2405 1625 2466 Collegiata
1641 2400 1706 2448 er'
1744 2398 1756 2444 i
1777 2407 1926 2458 potuit
1958 2395 2033 2442 al·-

82 2471 182 2514 tum
201 2469 506 2516 clamantibus
537 2464 732 2517 Nicol'ao
754 2468 1038 2531 Fortiguerra
1056 2505 1069 2524 ‚
1102 2469 1267 2531 Sylvio
1295 2466 1552 2529 Campioni
1572 2502 1584 2519 ,
1622 2463 1700 2512 alii
1725 2475 1811 2523 que
1845 2457 2030 2505 descen-

85 2531 297 2578 dentibus
330 2546 384 2576 ex
423 2532 604 2579 filiabus
639 2533 862 2580 haereduin
907 2531 1151 2580 Testatoris
1170 2566 1183 2584 ,
1211 2534 1372 2595 quibus
1390 2567 1404 2585 ,
1432 2545 1478 2578 ut
1513 2529 1638 2591 supra
1667 2524 1826 2572 relatis
1869 2521 2027 2568 festa-

81 2595 233 2640 menti
270 2594 422 2642 verbis
453 2595 735 2643 narravimus
766 2629 780 2647 ‚
808 2593 1014 2643 relictum
1043 2596 1289 2657 datumque
1323 2593 1467 2641 fuerat
1499 2594 1571 2647 Jus
1606 2597 1892 2652 patronatus,
1928 2585 2029 2631 laesa

82 2654 217 2724 fuisse
240 2672 298 2703 eo
315 2657 525 2717 responso
552 2692 563 2710 ,
599 2659 913 2719 rescriptoque
935 2674 1088 2706 eorum
1121 2658 1226 2713 Jura
1248 2694 1262 2711 ,
1299 2656 1402 2720 ipsis
1445 2650 1766 2718 ignorantibus
1785 2684 1799 2702 2
1826 2649 1867 2695 ἂ
1904 2648 2032 2716 inau-

85 2718 202 2767 ditis
221 2752 236 2766 .
271 2720 445 2767 Habita
466 2722 607 2782 igitur
627 2720 784 2767 harum
801 2722 1091 2782 querelarum
1107 2720 1276 2768 notitia
1292 2754 1305 2773 ,
1345 2735 1369 2764 a
1397 2718 1526 2766 novis
1560 2716 1763 2776 precibus
1791 2711 1955 2758 oblatis
1974 2711 2032 2754 ab

86 2778 708 2844 EpiscopoClusinoiterum
727 2795 906 2847 regatus
930 2784 1014 2831 fuit
1032 2784 1137 2830 clar.
1173 2798 1303 2831 mem.
1339 2780 1607 2828 Cardinalis
1637 2776 1848 2827 Bidinis,
1880 2786 1931 2820 ut
1962 2772 2026 2821 de

91 2847 225 2894 novis
242 2846 361 2893 hisce
381 2847 592 2909 precibus
617 2847 901 2894 Sententiam
914 2846 1037 2894 suain
1072 2846 1242 2893 diceret
1260 2881 1273 2899 ,
1308 2844 1379 2890 sed
1413 2842 1631 2891 abstinuit
1668 2857 1692 2887 a
1726 2837 2037 2887 declaratione

91 2908 232 2956 animi
251 2909 348 2963 sui,
384 2910 606 2970 produCtis
637 2913 872 2958 dumtaxat
904 2909 1097 2974 Regulis
1111 2924 1152 2969 4.
1175 2942 1190 2961 ‚
1223 2909 1323 2970 &9
1359 2906 1680 2954 Cancellariae.
1712 2901 1806 2950 Res
1825 2899 1946 2947 siluit
1976 2899 2033 2945 ad

88 2973 188 3020 haec
206 2984 404 3033 tempora
423 2991 434 3018 .·
478 2974 612 3019 Nunc
628 2985 780 3020 autem
803 2976 848 3019 in
865 2973 942 3028 Jus
972 2967 1193 3019 venerunt
1230 2969 1414 3016 Patroni
1436 3005 1448 3021 ‚
1480 2969 1673 3029 datoque
1696 2964 1860 3026 libello
1877 2961 2036 3023 postu-

88 3036 189 3084 lant
207 3072 219 3089 ,
257 3047 306 3081 ut
327 3035 665 3083 Eminentillimi
699 3036 855 3083 Patres
891 3050 916 3080 a
948 3034 1123 3084 Deci-sis
1155 3036 1387 3081 recedant:
1422 3031 1608 3092 Ambigi
1626 3029 1747 3077 enim
1784 3041 1878 3072 non
1905 3023 2038 3089 posse

88 3113 185 3147 rem
204 3096 290 3146 effe
310 3098 364 3144 de
398 3099 501 3153 Jure
527 3099 793 3146 patronatus
824 3111 918 3145 tam
949 3101 1123 3145 ratione
1145 3095 1376 3143 testatoris
1394 3130 1407 3148 ,
1440 3110 1574 3157 quam
1595 3094 1772 3140 ratione
1805 3091 2029 3136 bonorum

82 3164 279 3215 laicali,
295 3177 351 3208 ex
370 3161 635 3209 fundatione
657 3199 670 3216 ,
688 3162 731 3209 &
752 3163 875 3210 Dote
893 3198 906 3215 ,
935 3163 1125 3222 ideoque
1142 3170 1354 3221 apertum
1366 3159 1638 3219 consequens
1656 3154 1741 3202 esse
1758 3188 1772 3207 ,
1804 3167 1854 3199 ut
1866 3151 1944 3201 sub
1961 3166 2039 3197 re·

87 3223 426 3273 serv-ationibus
440 3225 726 3287 Regularum
737 3225 1043 3272 Cancel‘lari‘ae
1060 3229 1253 3284 nequeat
1267 3219 1352 3269 esl'e
1369 3219 1741 3281 comprehensum
1759 3252 1768 3263 .
2072 3230 2074 3232 ’

21 3284 193 3352 Neque
213 3289 366 3350 excipi
387 3287 506 3350 posse
522 3284 722 3336 defecisse
741 3288 882 3335 lineas
902 3289 1079 3343 Judittae
1098 3322 1110 3339 ‚
1150 3284 1446 3345 &sGabrie-lis
1465 3281 1698 3335 ,defecisse
1724 3282 1891 3326 lineam
1911 3276 2038 3324 Con·
2086 3327 2088 3330 f

83 3349 199 3400 salvi·
218 3350 302 3398 filii
331 3351 577 3399 Testatoris
594 3387 606 3405 ,
643 3351 749 3412 quia
772 3352 994 3399 Nicolaus
1013 3349 1307 3411 Fortiguerra
1324 3361 1402 3409 pei·v
1428 3346 1656 3406 duplicem
1687 3343 1922 3390 foeminam
1954 3342 2041 3386 de-

87 3413 270 3462 scendat
287 3432 306 3479 ν5
334 3414 480 3464 solam
497 3412 711 3474 superesse
731 3430 894 3461 vocem
910 3411 1320 3476 SylviiCampioni
1342 3444 1356 3462 ,
1382 3408 1459 3471 qui
1477 3408 1710 3455 descendit
1732 3421 1756 3450 a
1795 3401 2036 3451 Gabriella

83 3475 182 3525 filia
202 3479 389 3527 Octavii
409 3478 649 3537 „ideoque
670 3491 759 3524 tres
777 3494 832 3525 ex
852 3489 1044 3539 quatuor
1062 3475 1250 3522 vocibus
1266 3475 1501 3521 devolutas
1523 3469 1610 3517 esse
1624 3485 1681 3518 ex
1699 3481 1851 3529 aperta
1873 3465 2046 3513 Testa--

88 3542 205 3590 toris
223 3541 521 3604 dispositione
539 3541 599 3587 ad·
611 3538 851 3601 Episcopus
872 3536 1098 3590 Clusinos,
1117 3539 1158 3584 &
1182 3536 1470 3582 patronatum
1491 3532 1654 3580 facium
1676 3529 1806 3578 fuisse
1825 3529 2051 3582 mixtum,

90 3609 205 3665 quod
227 3605 468 3652 subiicitur
483 3604 866 3653 reservationibus
885 3601 1169 3663 Regularum
1197 3598 1498 3646 Cancellariae
1518 3632 1532 3651 ‚
1549 3594 1732 3658 quando
1751 3592 1962 3660 pinguior
1979 3589 2045 3660 ‘est

85 3679 176 3716 vox
214 3667 518 3716 patronorum
549 3664 965 3719 Ecclesiasticorum
989 3698 1002 3718 ,
1024 3661 1323 3721 absorbetque
1348 3660 1476 3709 illam
1507 3659 1746 3708 Laicorum
1765 3691 1780 3712 ,
1810 3669 1862 3703 ut
1891 3654 2048 3702 distin-

178 3778 181 3779 γ
226 3738 492 3781 TomXXHI.
1251 3724 1285 3771 E
1839 3728 1987 3781 guum
