2571 3961
632 166 859 292 tisrgcibus
882 221 1185 284 rescriptum
1205 220 1299 273 fuit
1322 246 1371 261 --
1389 223 1689 286 Praepositum
1727 240 1821 272 non
1841 224 2033 277 teneri,
2061 225 2152 286 m'st'
2168 225 2231 274 ad
2245 229 2443 295 interes-

619 299 829 363 sentiam
853 296 1020 344 dicbus
1041 294 1181 358 Festis
1199 295 1255 341 de
1279 290 1629 356 praecepto.Sed
1663 306 1799 344 anno
1825 311 1843 343 1
1857 293 1954 353 728
1975 290 2151 343 oblato
2169 309 2193 341 a
2215 294 2438 348 Canoni-

633 366 704 417 cis
739 363 1126 425 libellojurium
1149 390 1165 415 2
1195 375 1295 423 quo
1318 361 1581 424 aequivoca
1609 393 1624 417 ‚
1667 361 1714 410 in
1737 375 1843 425 quae
1879 358 2145 424 irrepserat
2164 359 2435 425 Epiicopus

630 433 876 486 Gherardi
898 465 912 488 ‚
931 430 1305 483 disolvebantur
1335 428 1640 494 ,auditoque
1664 445 1801 482 novo
1822 425 2064 496 Episcopo
2084 428 2391 483 Muscettola
2419 469 2437 494 ,

631 503 716 569 qui
736 513 914 555 contra
932 497 1257 564 Praepofitum
1281 493 1579 563 respondit,
1600 499 1743 551 Sacra
1767 503 1870 551 liaec
1892 498 2234 566 Congregatio
2263 499 2393 561 juffit
2410 537 2428 560 ,

634 584 688 624 ut
706 566 859 625 Causa
872 583 1133 637 poneretur
1162 573 1211 621 in
1230 569 1354 620 Folio
1379 605 1394 620 .
1425 568 1723 633 Numquam
1749 580 1917 620 tamen
1941 567 2195 633 ideaflum
2221 567 2348 627 fuit,
2383 572 2432 625 δε

631 639 925 704 Praepofitus
943 640 1006 692 ad
1028 641 1266 691 Chorum
1288 638 1436 692 Festis
1452 639 1712 692 dumtaxat
1737 639 1913 690 diebus
1930 636 2128 691 acceffit
2146 673 2160 697 ‚
2181 639 2350 694 immo
2372 657 2432 693 ne

631 706 1053 775 acceffitquidern
1077 745 1090 768 ‚
1128 724 1247 763 cum
1263 707 1448 772 pluries
1464 706 1673 761 abfuerit
1691 744 1706 766 ‚
1739 723 1952 761 munere
1977 708 2250 774 praesertim
2272 706 2436 764 susce·

634 792 724 845 pto
745 778 945 833 Vicarii
980 777 1247 833 Generalis
1267 777 1319 829 in
1353 778 1574 833 Dioecefi
1594 773 1885 832 Asculana:
1916 779 2128 845 DoneC,
2169 775 2428 842 susceptaa

636 849 912 915 Praepofito
933 850 1020 902 lite
1041 850 1102 900 de
1138 843 1437 912 quotidiano
1458 845 1667 899 servitio
1691 861 1881 916 contra
1900 852 2427 913 Archipresbyterum

633 919 960 971 Clementem
993 917 1222 970 Politum
1243 954 1259 977 ‚
1291 916 1353 967 de
1389 934 1484 982 qua
1510 917 1559 971 in
1592 917 1689 969 alia
1722 915 1878 970 Causa
1908 922 2195 975 Recineten.
2217 919 2427 970 Servitia·

635 989 801 1045 Chore}
820 988 901 1042 hic
915 1004 941 1039 a
957 985 1217 1052 Capitulo‚
1235 985 1281 1038 &
1300 985 1576 1040 Canonicis
1599 989 1859 1044 excitatus,
1883 998 1937 1037 ut
1958 1005 2039 1050 par
2061 990 2164 1054 pari
2187 985 2429 1046 referret,

633 1073 854 1124 pugnam
888 1074 914 1109 a
942 1055 1179 1124 Capitulo
1213 1067 1386 1109 contra
1420 1057 1746 1118 Praeposltum
1784 1055 2108 1109 intermissam
2144 1057 2430 1111 instauravit

633 1126 1053 1192 loius‚petiitque,
1072 1138 1127 1180 ut
1144 1125 1440 1188 impleretur
1462 1127 1753 1191 rescriptum
1769 1127 1874 1178 Sac.
1893 1125 2036 1188 hujus
2054 1127 2428 1193 Congregatio-

633 1197 710 1248 nis
731 1195 926 1249 editum
950 1211 1086 1249 anno
1110 1218 1126 1248 1
1141 1198 1258 1258 728.
1275 1193 1463 1249 Tribus
1482 1196 1631 1262 igitur
1651 1194 1830 1247 Dubiis
1847 1192 2003 1251 Causa
2020 1197 2188 1248 omnis
2207 1195 2419 1250 collefm

634 1262 735 1320 fuit
753 1302 770 1327 ‚
784 1263 1067 1330 disputante
1087 1265 1550 1331 Archipresbytero
1570 1265 1727 1316 teneri
1748 1264 2073 1330 Praepositum
2089 1277 2196 1319 tam
2221 1280 2279 1316 ex
2298 1264 2422 1317 Tri-

633 1333 832 1387 dentini
861 1368 875 1389 ‚
908 1335 1060 1398 quam
1079 1350 1138 1385 ex
1167 1333 1514 1399 antiquiorum
1540 1335 1812 1386 Canonum
1851 1331 2168 1399 dispositione
2193 1333 2424 1398 quotidie

636 1404 828 1457 servire
854 1403 1085 1457 Ecclesiae
1106 1439 1120 1463 ‚
1161 1420 1277 1455 cum
1291 1407 1431 1468 juxta
1468 1404 1689 1457 edic‘lum
1708 1407 1766 1456 ab
1787 1399 2031 1468 Episcopo
2050 1404 2306 1461 Gherardi
2343 1404 2423 1456 la-

634 1486 749 1527 tum
772 1489 905 1525 anno
934 1487 1021 1537 ¹71
1039 1473 1221 1537 1‚quod
1243 1472 1406 1539 ipsein
1424 1476 1517 1532 alia
1536 1471 1691 1525 Causa
1705 1488 1879 1526 eontra
1895 1473 2424 1541 Archipresbyterum

639 1545 868 1609 urgebat,
890 1545 1098 1609 pingues
1123 1543 1351 1599 redditus
1372 1549 1547 1601 habeat
1568 1544 1720 1610 longe
1740 1543 1863 1596 ultra
1884 1542 2137 1601 summam
2163 1546 2209 1595 in
2236 1545 2421 1597 eodem

632 1613 802 1665 ediffto
825 1617 1062 1674 statutam
1087 1614 1253 1680 iis,qui
1274 1618 1627 1681 quotidianum
1644 1614 1904 1666 servitium
1924 1616 2147 1678 praestare
2170 1616 2385 1671 debeant
2406 1647 2425 1665 .

633 1682 772 1735 Hinc
793 1685 971 1735 omnia
990 1722 1003 1743 ‚
1027 1699 1131 1747 quae
1149 1702 1176 1737 a
1196 1686 1465 1752 Praepofito
1482 1685 1641 1748 excipi
1663 1682 1825 1736 solent
1847 1721 1864 1746 ‚
1878 1683 2102 1739 diffolvit
2119 1717 2137 1744 2
2157 1687 2419 1748 reiicitque

631 1750 912 1818 praesertim
937 1755 1390 1819 rationemillarn‚
1424 1755 1562 1824 quod
1603 1754 1893 1821 Praepofitus
1935 1755 2058 1804 nihil
2086 1751 2323 1818 percipiat
2364 1766 2428 1804 ex

631 1824 780 1874 bonis
802 1825 1030 1876 Ecclefiae
1056 1860 1071 1883 ‚
1095 1823 1140 1876 8<
1161 1823 1377 1892 Capituli
1393 1824 1703 1879 Cathedralis
1721 1864 1738 1889 ‚
1756 1821 1837 1877 sed
1857 1825 2029 1880 omnia.
2051 1827 2131 1877 sua
2152 1822 2319 1877 secum
2342 1835 2430 1873 tu-

632 1892 753 1944 lerit
771 1910 829 1946 ex
846 1895 1142 1962 Collegiatae
1160 1893 1387 1949 Ecclefiae
1405 1897 1458 1947 S.
1485 1894 1610 1949 Viti,
1628 1895 1763 1956 cujus
1783 1894 2103 1957 Praepofitura
2126 1912 2244 1946 cum
2271 1892 2418 1944 bonis

628 1960 729 2015 suis
740 1979 874 2016 anno
900 1979 916 2012 1
930 1982 1028 2033 577
1048 1967 1285 2018 translata
1303 1964 1523 2018 fueritin
1543 1964 1918 2027 Praepofituram
1936 1961 2255 2016 Cathedralis
2275 1962 2421 2013 unio-

632 2049 695 2084 ne
715 2047 971 2097 perpetua.
1005 2034 1240 2100 Longum
1260 2035 1380 2087 effet
1405 2051 1586 2087 omnes
1611 2031 2055 2097 Archipresbyteri
2087 2031 2307 2085 rationes
2329 2036 2427 2082 ex*-

632 2118 838 2166 cerpere
858 2139 874 2162 ‚
901 2105 947 2157 8<
971 2108 1154 2158 Folium
1191 2107 1239 2158 in
1260 2106 1509 2159 volumen
1529 2106 1834 2161 excresceret
1853 2139 1867 2154 .
1905 2105 1958 2159 A
1980 2103 2250 2168 Praeposito
2291 2099 2417 2153 nihil

633 2172 908 2227 habuimus
926 2213 942 2226 .
981 2176 1145 2228 Dubia
1167 2171 1308 2232 sunt.

567 2242 608 2297 I.
644 2241 733 2292 An
761 2242 1039 2307 Praepofitus
1071 2247 1279 2308 Ecclefiae
1325 2244 1642 2297 Catbedralis
1678 2244 1908 2295 Recineti
1934 2257 2161 2293 teneatur
2204 2237 2422 2303 intereffe

772 2310 976 2362 Divinis
997 2314 1181 2377 Officiis
1211 2320 1266 2366 in
1284 2314 1434 2366 Charo
1467 2316 1564 2366 und
1584 2332 1688 2365 cum
1706 2318 1890 2363 caeteris
1911 2312 2174 2361 Canania-is
2206 2350 2221 2376 ‚
2239 2313 2301 2366 ὠ
2323 2309 2424 2358 Di-

763 2384 1046 2446 gnitatibus
1070 2387 1282 2449 quotidie
1298 2386 1414 2448 3seu
1426 2387 1592 2449 potius
1605 2387 1770 2434 diebus
1788 2384 1978 2432 tantiam
1999 2384 2198 2448 Feslivis
2218 2417 2232 2439 ,
2280 2382 2342 2435 ὠ·
2366 2379 2420 2428 de

769 2450 1011 2518 Praecepto
1032 2456 1050 2502 ἓ
1076 2454 1134 2504 Et
1153 2465 1394 2515 quatenus
1412 2453 1708 2505 affirmative
1729 2451 1789 2502 ad
1809 2454 2019 2514 primam
2046 2462 2240 2508 partem
2270 2481 2286 2497 .

567 2517 630 2571 ΙΙ.
673 2518 789 2578 An,
825 2518 880 2579 ἐῢ·
899 2540 929 2570 a
950 2540 1047 2588 qua
1070 2526 1146 2574 die
1164 2560 1182 2585 ‚
1214 2526 1275 2579 &⁸
1299 2528 1351 2574 in
1384 2540 1480 2589 qua
1492 2525 1683 2590 summa
1727 2534 1949 2574 teneatur
1947 2523 2141 2585 solvere
2159 2518 2420 2584 fallentiax

765 2603 855 2655 pro
872 2604 1078 2659 tempore
1094 2597 1379 2660 praeterito?

568 2654 657 2711 III·
693 2656 783 2709 An
801 2691 815 2714 2
855 2661 919 2715 (θ’
944 2679 1086 2725 quam
1104 2665 1337 2727 summam
1353 2676 1581 2712 teneatur
1616 2663 1841 2728 deponere
1866 2665 1924 2712 in
1940 2662 2050 2724 casu
2076 2698 2089 2723 ,
2132 2678 2221 2727 quo
2255 2655 2426 2712 debeat

775 2729 995 2798 intereffl·
998 2734 1121 2799 solis
1138 2735 1305 2784 diebus
1323 2733 1520 2799 Festivis
1544 2769 1561 2796 ‚
1581 2732 1645 2788 ὠ
1669 2736 1726 2784 de
1738 2745 1968 2800 praecepto
1985 2736 2039 2782 in
2059 2733 2168 2797 cqfu
2182 2731 2289 2787 &c-

572 2908 758 2967 Dilata
780 2914 845 2968 ad
863 2920 1097 2979 primam
1118 2919 1227 2987 post
1245 2919 1542 2991 proximam
1560 2957 1580 2986 ,
1613 2915 1905 2975 reformato
1923 2902 2095 2988 primo
2110 2912 2322 2972 Dubioe'

2265 3620 2432 3684 ALE÷
