2571 3961
555 191 613 225 ὀ

544 211 634 357 ssnst
651 236 887 362 servassdae
908 276 923 294 ‚
958 239 1365 301 itautsiestanndum
1381 241 1428 286 in
1445 243 1595 303 primo
1617 273 1632 294 ‚
1651 241 1730 289 vel
1749 245 1796 290 in
1806 244 1999 302 secundo
2014 278 2028 299 ‚
2063 250 2120 296 Θ*
2145 248 2285 296 tertio
2306 247 2403 297 loco
2422 249 2499 296 de-

555 306 652 347 cizs
686 304 731 347 in
752 318 802 347 ca
826 320 852 349 ιι
886 311 986 353 &a
1084 308 1086 311 ’
1442 313 1445 315 ’

620 426 789 477 Diiata·
818 427 876 474 ad
893 427 1087 489 primam
1102 426 1258 473 mensis
1279 424 1472 488 Augusti
1492 426 1630 476 etiam
1650 429 1786 478 unica
1807 463 1822 479 .

110 551 300 608 sess-¹4·
320 559 357 591 C·
378 554 445 588 ¹²·
491 555 597 667 I}
622 552 1075 621 UREMUNDEN.
1114 551 1412 600 VICARIAE
1432 572 1445 599 ε
1481 554 1626 602 Nulla
1646 555 1710 603 est
1742 556 1788 604 in
1814 556 2014 606 Dioeeefi
2033 559 2389 608 Ruremundenfi
2405 560 2493 608 Pa-

80 610 444 671 &sess-240¹&
634 616 845 665 rochialis
868 614 1081 668 Ecclesia,
1100 615 1227 662 nulla
1247 616 1434 664 Vicaria
1453 630 1664 678 perpetua
1683 620 1970 669 Ecclesiastiei
1988 623 2275 676 Patronatus,
2294 637 2487 679 quarum

16 726 18 731 ,
80 682 130 729 de
147 678 241 739 Ref-
257 678 398 718 Matr·
549 680 737 728 collatio
761 713 774 729 ,
807 680 878 723 vel
897 678 1119 727 institutio
1151 680 1287 725 detur
1318 679 1408 726 stne
1429 680 1667 728 Concursu
1700 682 1758 729 ab
1777 683 1998 745 Episcopo
2032 685 2298 735 indicendo.
2330 686 2403 732 Est
2444 685 2494 732 in

546 743 705 793 eadem
731 741 940 788 Dioecesi
959 743 1212 790 Pai'toratus
1235 778 1243 791 ‚
1282 742 1357 789 seu
1377 743 1563 791 Vicaria
1582 758 1800 807 perpetua
1823 749 1871 794 in
1891 747 2131 799 Wierslbin
2153 783 2168 802 ,
2203 748 2249 794 in
2286 764 2376 810 qua
2402 748 2489 805 {ius

546 808 687 854 habet
709 804 972 865 Praepofitu's
990 840 1004 858 ,
1040 807 1081 852 δι
1102 805 1378 866 Capitulum
1395 805 1664 869 Collegiatae
1686 809 1893 858 Ecclesiae
1930 814 1969 858 S.
1984 809 2213 859 Gereonis
2244 808 2460 859 COIoniae
2478 847 2492 860 .

548 871 664 917 Haec
683 866 905 928 postremis
923 868 1090 914 duabus
1108 865 1430 914 vacationibus
1448 868 1664 918 obventis
1685 887 1802 920 anno
1825 876 1955 927 1684.
1978 907 1992 926 ,
2015 875 2055 921 ἃ
2077 888 2194 920 anno
2218 886 2350 931 1724.
2372 889 2486 935 pra:-

543 936 624 980 vio
654 929 894 979 Concursu
923 933 977 975 ab
996 928 1213 990 Episcopo
1233 928 1589 978 Ruremundensi
1623 934 1790 983 indicto
1809 972 1822 990 ,
1853 936 2023 984 collata
2055 936 2140 984 fuit
2176 953 2201 983 a
2231 935 2486 996 Praeposttis

542 995 852 1057 Capituloque
874 991 915 1037 S.
933 991 1158 1038 Gereonis
1178 1025 1191 1043 ,
1224 991 1265 1038 δι
1287 991 1541 1053 praesentati
1565 994 1759 1043 instituti
1779 996 1960 1046 fuerunt
1980 999 2041 1046 ab
2070 998 2292 1060 Episcopo
2312 1017 2327 1044 e
2359 998 2483 1052 Cum

542 1058 762 1107 transado
787 1071 907 1102 anno
933 1056 1169 1101 vacaverit
1191 1089 1204 1107 ,
1238 1055 1427 1102 indiGlus
1447 1054 1532 1103 fuit
1550 1059 1608 1103 ab
1630 1058 1849 1122 Episcopo
1865 1062 2119 1109 Concursus
2136 1098 2149 1116 ,
2166 1064 2207 1108 ἐι
2232 1063 2356 1109 inter
2373 1076 2485 1123 qua-

541 1135 643 1171 tuor
669 1119 936 1182 approbatos
960 1119 1152 1178 primum
1174 1118 1320 1164 locum
1355 1119 1555 1167 obtinuit
1588 1119 1800 1171 Sacerdos
1821 1124 2026 1184 Michael
2045 1125 2268 1186 Thynen.
2297 1125 2480 1186 Episco-
2528 1169 2545 1182 ,

540 1202 622 1247 pus
640 1185 783 1246 igitur
823 1181 1058 1243 requisivit
1079 1180 1488 1244 Archiepiscopum
1514 1185 1776 1246 Pragensem
1795 1222 1808 1241 ,
1841 1186 1918 1250 qui
1944 1187 2203 1248 I'raepositus
2236 1204 2356 1241 nunc
2374 1188 2442 1235 est
2463 1224 2479 1243 ,

541 1247 902 1309 Capitulumquc
921 1246 959 1290 S.
983 1243 1204 1291 Gereonis
1224 1275 1238 1296 ,
1277 1258 1327 1291 ut
1358 1262 1415 1292 ex
1429 1259 1620 1306 quatuor
1655 1248 1775 1301 illis,
1813 1264 1947 1313 quem
1982 1251 2187 1303 vellent,
2218 1251 2476 1313 eligerent,

543 1310 821 1358 Nominatus
839 1308 926 1355 fuit
946 1307 1059 1353 idem
1079 1307 1282 1357 Michael
1306 1307 1521 1370 Thynen.
1542 1343 1555 1362 ,
1591 1311 1632 1356 δι
1655 1309 1858 1372 Capituli
1876 1316 2058 1360 nomine
2075 1315 2195 1360 datae
2211 1313 2473 1361 fueruntli-

542 1388 648 1422 terve
667 1375 718 1419 ad
740 1371 1004 1433 Episcopum
1027 1370 1435 1418 Ruremundensem
1453 1409 1465 1425 ‚
1487 1372 1648 1435 quibus
1673 1372 2013 1435 significabatur
2032 1392 2121 1425 non
2141 1374 2332 1438 potuisse
2351 1377 2479 1426 Con·

542 1438 721 1488 cursum
738 1435 879 1482 indici
897 1468 910 1487 ,
941 1434 1057 1496 quod
1086 1432 1265 1480 Vicaria
1291 1432 1369 1481 illa
1392 1449 1609 1499 perpetua
1628 1437 1753 1483 unita
1769 1438 1877 1487 esset
1898 1438 2128 1501 Capitulo
2151 1476 2161 1492 ,
2179 1452 2316 1502 atque
2330 1440 2416 1487 hac
2431 1440 2485 1487 de

543 1520 588 1562 re
606 1501 834 1562 querelam
857 1500 948 1554 jam
969 1498 1237 1557 propositam
1255 1495 1339 1543 effe
1361 1500 1407 1545 in
1428 1498 1756 1548 Tribunalibus
1775 1501 1913 1550 Urbis
1933 1534 1947 1550 .
1973 1503 2093 1551 Vera
2111 1504 2205 1550 haec
2223 1517 2324 1551 erat
2347 1500 2483 1549 asset·u

542 1565 645 1626 zio',
679 1578 782 1608 nam
801 1561 1070 1608 Michaelis.
1088 1559 1281 1606 Dataria
1315 1562 1649 1621 postulaverat,
1690 1576 1741 1611 ut
1770 1565 1846 1613 fibi
1878 1566 2031 1614 eadem
2054 1564 2489 1618 Viatia-conferre-

544 1640 715 1690 turpro
748 1632 1008 1676 nomenato,
1038 1635 1178 1683 utque
1216 1626 1496 1686 exequutio,
1533 1625 1609 1672 seu
1641 1628 1869 1677 institutio
1901 1630 2266 1678 committeretur
2300 1628 2489 1676 Nuncio

542 1689 820 1755 Apostolico
850 1685 1127 1735 Bruxellenfi
1146 1722 1160 1741 ,
1191 1701 1282 1735 non
1313 1688 1537 1753 Episcopo
1565 1689 1916 1740 Ruremundensi
1936 1729 1949 1747 ,
1977 1694 2081 1753 quia
2111 1696 2178 1740 hit
2206 1705 2444 1755 praetextu
2469 1727 2485 1746 ‚

545 1758 662 1819 quod
681 1757 871 1801 Vicaria
892 1751 973 1805 ista
1007 1752 1454 1815 Concurshiftbjebh
1475 1754 1674 1808 exiliat,
1711 1758 1850 1817 ipsum
1879 1761 1923 1805 in
1955 1761 2143 1806 Vicaria
2171 1757 2368 1817 praefizta
2406 1774 2480 1805 m-

533 1819 727 1874 stituere
763 1817 998 1872 recusavit
1017 1849 1028 1860 .
1066 1813 1153 1862 His
1173 1815 1371 1876 cognitis
1390 1833 1410 1861 a
1432 1816 1701 1866 Promotore
1724 1816 1882 1865 Fiscali
1903 1818 2055 1868 Curia:
2077 1818 2352 1879 Episcopalis
2372 1819 2482 1865 Ru·-

490 1919 493 1921 *
530 1876 842 1929 'remundenfis
868 1912 880 1930 ,
908 1891 1092 1936 operam
1113 1877 1264 1931 dedit,
1300 1897 1357 1927 ne
1390 1880 1666 1943 supplicatio
1700 1880 1860 1929 favore
1881 1882 2122 1929 Michaelis
2155 1883 2437 1929 relaxaretur
2465 1899 2478 1926 ε

541 1945 613 1993 sed
630 1941 1012 2001 Eminentiiiimus
1039 1942 1257 1989 Dominus
1278 1943 1534 1992 Cardinalis
1555 1945 1640 1992 Pro
1657 1943 1876 1992 Datarius
1908 1944 2076 1993 remisit
2097 1943 2290 1992 Causam
2318 1945 2371 1994 ad
2391 1946 2485 1993 Sa·-⁴

540 2024 664 2070 gram
683 2002 1098 2066 Congregationem
1117 2004 1325 2053 Concilii
1339 2024 1424 2070 pro
1446 2017 1561 2058 Voto
1576 2043 1589 2057 .
2314 2031 2316 2034 ·

482 2072 701 2134 Disputat
727 2070 876 2130 itaque
894 2083 1009 2114 nunc
1027 2068 1143 2113 idem
1160 2069 1401 2117 Promotor
1421 2071 1650 2119 Vicariam
1668 2072 1782 2119 hanc
1799 2106 1812 2125 ,
1846 2074 1919 2121 cui
1938 2089 2115 2121 annexa
2149 2072 2209 2119 est
2239 2086 2346 2119 cura
2374 2069 2482 2119 ani-

547 2150 757 2187 marum,
774 2149 829 2178 ex
846 2131 1138 2185 dispositione
1161 2132 1447 2185 Tridentini,
1463 2151 1518 2182 ex
1537 2135 1853 2183 consuetudine
1881 2137 2125 2185 universali
2145 2136 2288 2182 totius
2309 2133 2482 2196 Belgii,

545 2199 589 2246 δι
609 2195 875 2257 particulari
895 2196 1170 2242 Dioeceseos
1195 2194 1573 2244 Ruremundenfis
1610 2234 1622 2251 ,
1657 2215 1713 2245 ex
1738 2198 2025 2246 observantia
2059 2199 2253 2260 denique
2285 2204 2473 2245 duorum

545 2261 736 2319 statuum
752 2257 1071 2318 postremorum
1092 2258 1333 2314 subjectam
1350 2263 1541 2307 omnino
1560 2260 1644 2309 effe
1659 2261 1910 2309 Concursui
1927 2280 1941 2308 ε
1971 2262 2194 2309 Unionem
2213 2264 2333 2308 enim
2352 2261 2482 2306 illam

546 2338 679 2386 quam
698 2320 895 2368 asserunt
911 2319 1201 2380 capitulares
1220 2356 1232 2373 ‚
1254 2324 1294 2368 δι
1317 2321 1518 2370 Michael
1548 2324 1754 2386 I'hynen„
1774 2339 1917 2386 neque
1939 2325 2131 2382 publicis
2154 2326 2320 2370 tabulis
2338 2358 2351 2375 ,
2392 2339 2477 2369 ne-

543 2400 693 2449 quere
713 2385 939 2440 iudicata,
976 2385 1468 2446 nequeimmemoriali
1501 2387 1578 2434 usu
1611 2389 1820 2447 probari3
1854 2389 1991 2434 immo
2010 2387 2283 2434 contrarium
2319 2385 2475 2437 evinci

543 2465 600 2497 ex
621 2447 1035 2511 praesentationibus
1055 2483 1067 2499 ‚
1104 2447 1149 2493 in
1169 2448 1328 2508 quibus
1351 2450 1646 2498 enunciatum
1664 2450 1750 2496 fuit
1781 2467 1880 2497 eam
1912 2450 1997 2497 esse
2029 2449 2139 2506 juris
2171 2460 2436 2511 patronatus
2459 2466 2474 2494 a

543 2512 671 2567 Idem
692 2509 842 2559 evinci
871 2526 925 2556 ex
960 2511 1133 2563 verbis,
1167 2510 1327 2572 quibus
1348 2511 1407 2558 us1
1425 2512 1524 2560 sunt
1544 2511 1869 2576 Capitulares;
1899 2521 2073 2561 Vactzre
2094 2513 2214 2559 enim
2241 2513 2474 2562 vicariam

539 2574 780 2625 dixerunt,
822 2574 864 2620 &
894 2588 994 2619 earn
1026 2576 1227 2627 conferre
1256 2608 1269 2626 ‚
1303 2592 1401 2623 cum
1434 2576 1638 2624 omnibus
1659 2577 1924 2634 fruHibzs,
1961 2583 2019 2626 (ζῇν
2055 2574 2340 2628 redditibus,
2376 2590 2474 2636 qux

535 2649 793 2701 repugnent
810 2636 997 2692 unioni,
1029 2651 1129 2684 cum
1152 2635 1182 2682 si
1207 2637 1388 2685 vicaria
1410 2638 1634 2697 Capitulo
1652 2639 1778 2686 unita
1796 2638 1904 2686 effet
1921 2674 1934 2693 ‚
1964 2654 2111 2700 neque
2129 2652 2293 2686 vacare
2310 2635 2480 2698 potuis·

537 2701 634 2755 set,
670 2714 814 2761 neque
836 2698 1063 2752 conferri,
1099 2715 1243 2763 neque
1261 2716 1416 2747 omnes
1451 2702 1644 2748 redditus
1673 2701 1766 2748 dati
1800 2700 1981 2748 fuissent
2003 2702 2196 2750 Vicario
2215 2735 2228 2752 ‚
2263 2700 2332 2747 sed
2357 2715 2476 2746 con-

537 2778 649 2824 grtia
666 2774 843 2810 tantum
862 2762 1044 2824 portio:
1080 2764 1310 2810 Accedere
1330 2763 1493 2812 facturn
1527 2763 1656 2824 ipsius
1675 2764 1949 2818 Michaelis,
1983 2765 2059 2826 qui
2095 2764 2152 2809 ad
2184 2761 2474 2810 Concursum

534 2826 666 2873 venit
683 2861 696 2878 ,
721 2826 769 2871 &·
784 2824 850 2872 uti
870 2826 1140 2885 approbatus
1161 2827 1518 2874 nominationem
1533 2827 1763 2874 obtinuit:
1794 2829 2086 2889 Spectandum
2106 2824 2189 2872 esse
2219 2825 2475 2872 ultimum...

535 2887 694 2936 statum
713 2924 726 2941 ,
761 2887 807 2934 in
830 2903 918 2949 quo
935 2888 1197 2936 Concursus
1217 2889 1401 2938 indictus
1420 2889 1506 2937 fuit
1523 2927 1535 2944 ‚
1566 2906 1673 2943 cuin
1689 2890 1871 2952 quaestio
1893 2892 2075 2938 unionis
2094 2924 2108 2942 ‚
2143 2903 2277 2948 quam
2301 2888 2467 2942 iactant

537 2951 853 3010 capitulares,
888 2953 1056 3012 agenda
1089 2951 1138 2997 fit
1168 2952 1340 3009 judicio
1371 2953 1622 3014 petitorio:
1656 2968 1739 2999 nec
1770 2967 1969 3003 mutare,
2007 2948 2289 3012 Praepositum
2310 2951 2336 2995 S
2370 2950 2472 2997 Ge·

537 3015 685 3059 teonis
707 3018 752 3059 in
769 3013 987 3074 postrema
1007 3016 1244 3062 vacatione
1265 3016 1374 3061 anni
1401 3028 1526 3078 ¹7²4·
1559 3014 1836 3078 praesentasse
1868 3017 2046 3075 quidem
2082 3015 2381 3076 approbatum
2424 3013 2471 3059 in

538 3108 568 3126 ‚‚
601 3075 835 3123 Concursu
859 3110 888 3128 ,‚
922 3092 1021 3123 cum
1050 3078 1136 3124 hac
1166 3091 1320 3124 tamen
1340 3076 1535 3138 expressa
1566 3076 1890 3140 protestatione
1913 3112 1928 3130 ,
1960 3078 2077 3138 quod
2096 3092 2185 3123 non
2206 3077 2471 3123 intendebat

535 3172 566 3191 J„
600 3153 679 3198 per
707 3153 802 3183 eam
825 3139 1133 3195 provisionem
1156 3175 1167 3191 ‚
1205 3141 1279 3198 seu
1297 3141 1592 3188 collationem
1615 3139 1901 3187 Concursum
1935 3139 2189 3187 institutum
2222 3155 2268 3184 in
2303 3139 2472 3185 suum-s

535 3234 567 3254 „
601 3198 909 3259 praejudicium
935 3202 1235 3261 approbare„
1277 3220 1382 3251 cum
1408 3202 1665 3265 protestatio
1684 3201 1831 3250 isthaec
1850 3203 1914 3249 uti
1944 3204 2170 3250 contraria
2206 3201 2338 3261 ipsius
2356 3200 2471 3246 fastu

532 3263 778 3321 spernenda
809 3262 888 3312 fit;
921 3269 1016 3319 non
1033 3265 1153 3309 enim
1175 3277 1354 3324 poterat
1369 3264 1636 3326 Praepofitus
1658 3279 1750 3310 uno
1767 3263 2015 3325 eodemque
2048 3269 2147 3312 actu
2166 3300 2177 3316 ‚
2199 3265 2239 3311 &
2260 3263 2469 3310 Concur-

532 3323 627 3369 sum
667 3327 915 3385 approbare
950 3326 1252 3385 praesentando
1282 3328 1579 3390 approbatum
1613 3328 1660 3372 in
1693 3326 1779 3374 illo
1800 3364 1813 3383 ,
1860 3330 1901 3375 ἃ
1946 3327 2227 3375 Concursum
2259 3326 2472 3380 reproba-

533 3401 583 3432 re
599 3387 922 3449 protestatione
943 3420 956 3434 .
989 3390 1101 3435 Haec
1118 3388 1350 3437 Promotor
1372 3389 1405 3434 F
1411 3389 1554 3437 iscalis
1571 3388 1727 3437 Curiae
1748 3390 2022 3453 Episcopalis
2042 3388 2425 3438 Ruremundensis·
2455 3421 2468 3434 .

535 3450 582 3500 A
601 3449 828 3497 Michaele
847 3451 1052 3513 Thynen
1068 3451 1182 3498 nihil
1199 3452 1437 3498 habuimus
1462 3483 1476 3497 .
1510 3452 1715 3499 Dubium
1738 3453 1801 3501 est
1821 3491 1834 3502 .

473 3518 553 3557 An
576 3509 636 3565 fit
658 3515 1196 3578 relaxandafiaepplicatio
1207 3518 1375 3573 flavore
1397 3525 1504 3573 Rev.
1530 3518 1725 3575 Thynen.
1741 3551 1755 3569 ,
1779 3516 1879 3573 five
1894 3519 2051 3579 potius
2071 3517 2290 3574 sustineri
2309 3513 2473 3561 debeat

528 3576 776 3633 praetensus
802 3582 1036 3638 Concursus
1055 3581 1248 3625 indifflss
1267 3578 1324 3626 ab
1346 3580 1555 3642 Episcopo
1574 3580 1916 3640 Ruremundenfi
1940 3584 1986 3627 in
2005 3582 2105 3640 casu
2125 3586 2227 3634 ἔφα.

602 3695 835 3757 Negative
872 3701 924 3746 ad
956 3703 1145 3764 primam
1165 3714 1336 3765 partem
1355 3738 1369 3758 ,
1400 3702 1669 3754 affirmative
1689 3705 1741 3750 ad
1760 3701 1994 3757 secundam
2017 3740 2027 3751 .
2212 3762 2393 3815 APRU
