2571 3961
606 130 764 243 {31³5
795 169 1114 229 pontificalia
1131 163 1300 238 agenti
1323 201 1339 228 ‚
1359 176 1442 220 aut
1464 164 1679 222 Sacrum
1697 162 1902 219 facienti
1950 174 1968 228 ·,
1998 162 2420 223 auofioncionaffi

599 251 639 300 ti
665 244 936 300 constituta
957 241 1067 295 sunt
1083 275 1101 291 .
1698 240 1704 248 “
2005 254 2007 256 ’
2064 304 2067 305 7

528 312 807 385 'Episcopus
825 314 982 381 igitur
1005 308 1127 362 vitia
1146 310 1249 359 haec
1271 305 1492 360 evellere
1515 304 1738 372 satagens
1759 342 1775 370 ,
1795 305 2073 371 impetrato
2087 306 2237 363 Brevi
2262 307 2407 373 Apo,

604 386 784 440 stolico
803 420 820 445 ,
869 397 968 445 quo
988 375 1140 441 pastis
1161 409 1178 435 ,
1207 376 1257 423 8<
1276 374 1718 430 consuetudinibus
1756 372 2150 442 quibuscumque
2191 378 2410 445 deroga-

605 469 721 510 tum
744 449 841 504 fuit
861 486 878 510 ‚
915 446 1149 500 Edistum
1168 443 1319 512 tulit,
1358 464 1460 514 quo
1473 445 1726 515 indicebat
1750 480 1764 503 ‚
1805 457 1893 504 ut,
1928 446 2015 512 qui
2048 462 2107 498 ex
2125 446 2412 514 Dignitati-

602 528 698 579 bus
717 558 734 579 ,
775 529 861 571 aut
881 514 1155 570 Canonicis
1179 517 1412 571 nondum
1451 518 1514 570 ad
1531 514 1879 569 Sacerdotium
1908 514 2238 569 ascendissent
2257 555 2274 581 ‚
2315 534 2409 569 cu-

606 597 775 648 rarent
795 622 811 647 ‚
844 598 1068 652 utquam
1084 585 1308 652 primum
1325 596 1756 654 promoverentur
1773 620 1788 644 ,
1829 587 1980 652 &per
1996 584 2043 637 ie
2067 583 2194 657 ipsos
2216 571 2408 655 Offifif

605 668 820 730 agerent
839 654 1186 709 Sacerdotalia
1205 692 1220 716 ,
1253 657 1370 710 alias
1386 657 1657 711 Canonicis
1673 655 1833 719 poenis
1853 654 2059 710 obnoxii
2082 655 2235 708 effent
2253 693 2267 708 .
2285 654 2407 708 Poe&

608 747 696 784 nas
719 741 922 794 quoque
948 723 1129 777 indixit
1146 727 1196 777 in
1215 726 1536 793 capitulares
1559 765 1574 790 ‚
1613 726 1648 777 fi
1668 723 1798 780 forte
1814 721 2027 780 sinerent
2071 723 2258 779 fruftus
2283 723 2412 777 Prae-

613 798 850 854 bendales
876 831 891 856 ‚
930 795 976 847 &
996 794 1316 861 quotidianas
1336 798 1708 850 distributiones
1733 796 1926 863 percipi
1951 799 2010 852 ab
2032 794 2090 848 iis
2115 831 2130 854 ‚
2167 798 2251 862 qui
2294 795 2412 848 Edi-

607 876 688 926 ἂο
717 883 819 920 non
834 864 1102 947 paruiffent
1120 898 1136 915 .
1171 862 1315 918 Alias
1335 883 1539 933 quoquc
1559 866 1748 919 addidit
1765 883 1937 933 poenas
1976 868 2027 918 in
2047 865 2366 933 Capitulares
2388 897 2410 926 ,

611 944 647 995 fi
665 935 1048 991 Coeremoniale
1083 933 1448 1002 Episcoporum
1481 951 1582 988 non
1616 934 1940 991 obser⁹varent
1961 977 1978 1004 ‚
2017 935 2063 988 8(
2082 932 2424 991 assistentiam·-

613 1010 858 1075 Episcopo
891 1007 1112 1071 praestare
1146 1018 1420 1060 renuerent
1442 1040 1459 1057 .
1498 1005 1795 1059 Restiterunt
1837 1008 1956 1062 huic
2008 1005 2190 1073 Edifflo
2215 1005 2316 1060 duo
2358 1017 2421 1055 ex

613 1076 890 1134 Canonicis
906 1113 925 1139 ‚
956 1075 1008 1126 &
1027 1073 1230 1141 Sacrista
1246 1112 1261 1136 ‚
1296 1095 1404 1145 qnae
1429 1073 1639 1129 iecunda
1657 1076 1890 1143 Dignitas
1912 1081 1977 1130 est
2001 1114 2029 1136 ,κ
2055 1087 2286 1144 putantes
2309 1089 2410 1128 non

614 1146 776 1201 teneri
793 1145 855 1207 ad
873 1143 1227 1197 Sacerdotium
1247 1145 1614 1215 suscipiendum
1637 1183 1652 1207 ‚
1690 1160 1839 1213 atque
1855 1149 2175 1215 appellarunt
2195 1146 2258 1200 ad
2294 1147 2412 1199 Au-

613 1215 860 1275 dientiam
881 1213 1341 1280 Metropolitanam
1367 1255 1381 1269 .
1414 1218 1524 1270 Post
1546 1220 1704 1270 varias
1726 1217 1786 1268 de
1808 1218 1900 1272 hac
1920 1218 2263 1285 appellatione
2276 1231 2408 1269 con-

615 1287 889 1342 troversias
907 1318 922 1342 2
939 1281 1100 1337 Causa
1119 1285 1180 1337 ad
1196 1286 1451 1341 Iudicium
1473 1288 1605 1339 Sacri
1620 1287 1768 1348 huius
1786 1286 2071 1341 Tribunalis
2091 1286 2259 1339 delata
2290 1282 2407 1337 fuit0‘

617 1357 817 1412 Audito
836 1366 1004 1407 tamen
1027 1393 1043 1418 ‚
1061 1366 1116 1406 ut
1136 1356 1247 1409 fieri
1266 1356 1393 1411 solet
1412 1391 1426 1416 ‚
1445 1353 1690 1422 Episcopo
1708 1355 1968 1410 Oriolenfi
1995 1397 2010 1422 ‚
2043 1358 2146 1409 duo
2163 1354 2412 1408 canonici

619 1426 802 1482 Editio
836 1437 1126 1487 paruerunt,
1142 1427 1434 1480 Sacerdotio
1454 1423 1716 1488 sustento,
1736 1425 1782 1477 8(
1809 1426 2010 1483 Sacrista
2030 1442 2211 1494 preces
2226 1423 2418 1477 obtulit

620 1493 1100 1550 SANCTISSIMO
1156 1495 1461 1551 DOMINO
1513 1495 1805 1550 NOSTRO
1843 1533 1858 1557 ‚
1910 1499 2087 1564 quibus
2140 1495 2419 1561 postulabat

618 1562 1043 1632 dispensationem
1066 1568 1127 1617 ab
1141 1566 1336 1621 Ordine
1358 1566 1700 1635 presbyterali
1722 1604 1738 1629 ‚
1771 1577 1880 1620 tum
1904 1573 2023 1633 quia
2042 1565 2123 1619 hic
2142 1563 2291 1617 Ordo
2326 1564 2424 1616 Di-

623 1634 808 1706 gnitati
824 1635 915 1687 suae
933 1651 1036 1686 non
1066 1637 1191 1689 effet
1207 1640 1431 1692 adnexus
1458 1671 1472 1696 ‚
1489 1648 1602 1690 tum
1620 1637 1734 1702 quia
1754 1638 1899 1691 variis
1919 1638 2302 1704 aegritudinibus
2322 1668 2337 1692 ‚
2367 1631 2441 1697 δε,

623 1705 898 1775 praesertim
922 1704 970 1755 in
989 1706 1154 1760 oculis
1170 1710 1418 1763 obnoxius
1435 1717 1545 1761 erat
1566 1744 1582 1760 .
1610 1707 1741 1760 Data
1759 1703 1860 1760 fuit
1886 1708 1947 1760 de
1967 1710 2063 1761 hac
2082 1706 2417 1773 postulat-ione

628 1776 865 1844 cognitio
877 1771 1293 1833 Eminentiffimis
1315 1779 1549 1834 Patribus
1566 1813 1582 1838 ,
1616 1778 1905 1843 iterumque
1925 1780 2118 1830 auditus
2138 1771 2417 1839 Episcopus

627 1845 908 1901 Oriolenfis
928 1840 1193 1910 scripturas
1212 1866 1392 1903 omnes
1417 1860 1564 1902 tama
1584 1847 1789 1900 Sacrista
1811 1888 1828 1913 ,
1867 1864 2018 1914 quam
2038 1865 2064 1900 a
2099 1846 2294 1898 duobus
2315 1844 2424 1896 Ca-

630 1915 827 1971 nonicis
844 1913 896 1965 in
934 1914 1212 1985 Episcopali
1234 1918 1515 1973 Audientia
1534 1917 1695 1971 editas
1731 1934 1827 1972 una
1844 1935 1960 1974 cnm
1993 1916 2179 1970 Literis
2221 1915 2315 1967 suis
2359 1912 2425 1966 ad

629 1993 729 2042 hoc
745 1986 953 2036 Sacrum
970 1984 1225 2042 Tribunal
1246 1989 1521 2042 transmisit
1543 2024 1559 2039 ο
1581 1988 1716 2040 Cum
1735 2002 1856 2040 vero
1878 1988 2042 2054 plures
2064 2005 2121 2039 ex
2139 1987 2218 2038 his
2244 1978 2423 2046 Hispa-

629 2075 701 2111 no
721 2053 875 2108 effent
893 2051 1127 2132 sermone
1148 2097 1168 2122 ‚
1185 2057 1454 2127 Episcopus
1476 2097 1493 2123 ‚
1511 2069 1565 2111 ut
1579 2054 1742 2111 Causa
1759 2059 1967 2126 proponi
1988 2059 2142 2129 poffet
2163 2091 2178 2115 ‚
2222 2054 2425 2108 curavit

627 2126 713 2181 sua
727 2139 968 2190 pecunia,
999 2128 1122 2179 utin
1143 2127 1373 2180 Italicam
1393 2129 1621 2192 linguam
1643 2140 2072 2181 converterentur
2094 2165 2110 2190 ‚
2151 2127 2429 2182 animata*

631 2210 754 2248 men
772 2190 1051 2260 impensam
1067 2198 1364 2261 repetendi.
1395 2197 1552 2249 Causa
1591 2194 1761 2248 omnis
1797 2198 2015 2263 quinque
2043 2233 2056 2256 ,
2085 2211 2191 2260 quae
2235 2193 2433 2246 subiici-

629 2280 747 2319 mus
764 2303 781 2326 ‚
796 2262 979 2316 Dubiis
998 2264 1211 2318 collesta
1230 2262 1404 2319 fuit.A
1424 2264 1693 2328 Sacrista‚&
1717 2263 1962 2331 Capitulo
1984 2264 2107 2320 nihil
2132 2266 2421 2318 habuimus,

559 2336 601 2390 Ῑ·
635 2330 724 2386 ΑΒ
747 2334 1030 2398 Βῖἕηῖἶαῖθς
1055 2371 1071 2396 9
1093 2338 1166 2405 (ἕν
1193 2334 1435 2388 Canonici
1456 2336 1759 2387 praebendati
1773 2350 2037 2390 teneantur
2071 2336 2246 2388 Sacros
2274 2334 2428 2385 Ordi-

770 2418 854 2455 nes
878 2404 1106 2470 assumere
1115 2407 1266 2473 juxta
1285 2408 1547 2460 Decretum
1559 2406 1619 2457 ab
1633 2407 1847 2475 Episcopo
1874 2410 2231 2474 promulgatum
2264 2408 2343 2455 dio
2364 2407 2423 2454 6.

776 2474 1054 2526 Decembris
1082 2496 1100 2528 1
1113 2480 1257 2542 7493*

568 2546 638 2598 ΙΙ.
675 2544 760 2596 An
783 2544 924 2595 iidem
942 2541 1208 2598 teneamur
1231 2548 1421 2614 affistere
1442 2552 1657 2617 Episcopo
1692 2547 2049 2608 pontificaliter
2092 2547 2390 2601 celebranti?

570 2617 661 2668 Ill,
697 2615 787 2666 An
807 2613 1009 2677 fimilem
1043 2617 1331 2683 affistentiam
1379 2622 1582 2674 debeant
1615 2620 1839 2669 exhibere
1873 2632 2073 2686 tempore
2094 2652 2111 2678 ,
2145 2630 2238 2685 quo
2257 2619 2424 2670 eodeni

775 2685 993 2751 Episcopo
1009 2684 1324 2749 Pontificalia
1342 2690 1629 2756 agente‚ipse
1631 2689 1896 2752 sermonem
1912 2689 2056 2740 habet
2072 2689 2136 2738 ad
2151 2687 2386 2752 Populum
2403 2717 2419 2743 ,

779 2754 865 2803 vel
876 2757 1043 2821 potius
1057 2758 1255 2809 valeam·
1271 2760 1338 2809 ad
1352 2761 1550 2812 libitum
1563 2781 1592 2810 a
1607 2757 1766 2810 Charo
1791 2760 2094 2825 descendere?

572 2824 664 2878 IV.
702 2823 790 2876 An
805 2841 898 2874 non
908 2833 1113 2890 promoti
1129 2829 1195 2878 ad
1207 2827 1414 2882 Ordines
1432 2832 1607 2883 Sacros
1625 2847 1654 2878 a
1696 2847 1789 2896 quo
1805 2841 2012 2895 tempore
2028 2825 2283 2892 amiserint
2300 2828 2418 2891 fru-

780 2896 881 2943 S't'us
899 2895 1229 2948 Canonicatus
1248 2931 1264 2956 ‚
1285 2900 1353 2954 &o
1371 2906 1451 2950 cui
1466 2902 1667 2952 debeant
1686 2901 1770 2951 illi
1783 2897 2016 2966 applicari
2037 2899 2059 2947 ἓ

577 2960 647 3014 V.
680 2960 763 3012 An
783 3001 799 3025 ‚
824 2966 887 3019 &-
912 2983 941 3015 a
960 2982 1052 3032 quo
1064 2968 1273 3019 debeant
1287 2969 1647 3038 reficisttmptus
1664 2968 2095 3041 Tratffogfalf'qgiff
2116 3000 2134 3032 2
2150 2969 2212 3038 &f
2235 2966 2430 3036 grad&

783 3034 1322 3111 &lionisscfiptfnggum
1339 3041 1396 3094 in
1417 3043 1529 3113 cass}
1545 3043 1656 3113 ὠνῇ
1835 3038 1838 3042 ’

720 3237 900 3295 Dilata
917 3248 935 3295 ζ
