2571 3961
72 1326 107 1409 ι’»

247 179 250 182 ⁴
2057 168 2109 212 ¹7

121 221 308 279 soemina
330 224 344 272 .’
380 226 488 273 Voc
501 231 599 271 atus
622 220 852 270 parochus
871 218 1056 269 nornine
1076 217 1246 267 Didaci
1267 214 1533 281 Archaynae'
1552 253 1564 271 ,
1595 217 1726 265 illico
1743 215 1856 265 exiit
1874 232 1898 263 e
1917 217 2101 266 cubicu-

127 295 174 340 lo
194 289 363 337 relictis
383 285 555 335 amicis
576 320 591 338 ‚
631 285 913 348 rogavitque
934 285 1166 332 Didacum
1190 319 1201 335 ,
1235 282 1345 344 quid
1363 283 1504 330 vellet
1523 299 1536 332 3
1572 280 1825 340 Respondit
1844 281 1924 327 ille
1948 279 2100 330 ‘Padre

129 355 294 402 curam
323 354 394 400 lei
418 351 484 407 fia
513 348 781 404 Testimonio
802 383 816 400 ‚
853 349 895 394 &
914 348 1163 395 Melitonae
1197 361 1385 392 manum
1413 345 1750 407 apprehendit‚‘
1778 356 1826 390 ut
1862 344 2097 392 Parochus

127 414 288 465 retulit
307 450 319 467 ,
350 413 426 461 vel
451 424 499 460 ut
519 411 650 458 testes
673 411 1042 462 matrimoniales
1064 409 1230 456 habent
1253 433 1310 442 —-
1341 414 1436 454 vm
1454 410 1671 472 parolina
1692 409 1845 455 ‘Padre
1884 417 2044 465 curato
2074 431 2099 439 -

127 479 460 536 nnafreddura
495 479 650 522 Padre
691 483 858 521 Curato
881 506 894 519 .
930 473 1134 537 Suspicio
1160 471 1297 519 illico
1335 471 1494 526 injecta
1528 471 1589 517 est
1625 469 1829 518 Parocho
1864 469 2099 517 Didacum

131 542 254 593 velle
274 537 623 587 matrimonium
642 536 908 583 contrahere
929 573 943 590 ‚
982 539 1023 583 &
1046 535 1262 585 clamavit
1285 570 1296 586 ,
1324 550 1454 581 aures
1476 534 1572 580 suas
1589 531 1874 593 obstringens
1892 535 2094 590 nonsen-

133 620 179 655 to
202 640 214 659 ,
250 602 474 658 nonsento
502 632 516 650 ,
557 600 634 646 che
654 599 938 646 laricconeria
959 618 978 646 e
1011 601 1194 662 questa:
1235 598 1322 642 hoc
1343 597 1531 658 strepitu
1566 597 1751 645 Parochi
1785 595 2099 653 perterresaffl

132 666 330 718 Testes,
362 660 570 708 Didacus
591 693 602 710 ,
634 660 863 709 Melitona
899 662 1044 721 sugam
1086 662 1418 721 arripuerunt3
1456 660 1685 707 parochus
1710 657 1935 720 fugientes
1971 658 2096 706 inse-

133 724 304 794 quutus
326 720 518 784 arripuit
545 721 833 788 ‘Melitonam
856 725 1002 781 Peplo
1019 760 1032 777 ‚
1069 726 1137 771 sed
1159 725 1238 770 illa
1255 760 1269 780 ‚
1301 722 1487 770 dimisso
1521 723 1661 784 Peplo
1680 756 1693 774 ,
1728 737 1753 770 e
1771 720 1982 768 manibus
2013 722 2099 769 Pa-

132 793 262 844 rochi
285 787 401 838 elabi
423 793 579 846 potmt
597 816 610 834 ‚
645 785 689 830 8<
708 799 838 845 porta
856 785 1023 832 aedium
1063 788 1251 835 Parochi
1282 784 1447 846 egressa
1464 786 1594 833 cursu
1618 784 1833 846 pervenit
1852 782 1911 831 ad
1945 783 2097 832 Dida-

135 872 241 908 cum
259 888 273 907 ,
302 852 499 914 quicum
520 845 747 893 Melitona
768 883 781 901 ,
816 849 1000 903 eiusuue
1022 849 1161 898 fratre
1194 852 1362 905 Joanne
1383 883 1394 900 ,
1425 862 1559 911 atque
1580 850 1669 895 uno'
1685 863 1743 894 ex
1767 847 1912 895 tribus
1931 845 2095 894 Testi-

134 923 224 971 bus
254 909 540 968 Matrimonii
567 943 582 964 ‚
621 913 738 955 recia
755 926 940 975 pergens
972 914 1027 957 ad
1056 926 1237 975 portam
1257 911 1483 960 Civitatis
1508 948 1521 966 ,
1555 910 1676 973 apud
1709 920 1844 972 quam
1875 922 2062 971 reperto
2081 944 2096 963 ‚

136 998 269 1047 quem
290 975 460 1042 pridem
479 985 720 1035 paraverat
739 1008 750 1025 ‚
772 990 892 1038 equo
912 1010 924 1026 ,
962 990 1065 1021 eum
1087 976 1306 1023 inscendit
1324 989 1408 1022 una
1430 989 1532 1022 cum
1554 973 1780 1021 Melitona
1799 1007 1812 1025 ,
1840 971 2093 1035 omnesque

138 1041 408 1105 'Origuelam
427 1035 578 1085 versus
614 1033 705 1082 iter
723 1036 930 1084 fecerunt
948 1072 958 1083 .
995 1039 1076 1085 Sed
1100 1056 1203 1087 cum
1232 1040 1280 1084 in
1297 1051 1396 1084 eam
1416 1037 1679 1085 Civitatem
1701 1037 1860 1084 venire
1878 1049 1966 1081 non
1986 1035 2094 1096 pos·

137 1107 269 1158 sent,
302 1101 588 1150 diverterunt
617 1098 664 1144 in
684 1099 961 1162 hospitium,
997 1101 1044 1147 in
1065 1117 1153 1161 quo
1178 1102 1351 1162 pluries
1368 1116 1426 1148 ex
1446 1101 1574 1147 noete
1603 1097 1948 1145 Matrimonium
1982 1111 2095 1143 con-

134 1170 368 1218 sumarunt
389 1195 404 1211 .
439 1163 582 1210 Mane
604 1162 876 1225 Origuelam
897 1165 1104 1224 perventi
1123 1180 1257 1228 opem
1278 1162 1616 1226 praesidiumque
1653 1161 1915 1218 imploravit
1939 1158 2095 1207 Dida-

132 1245 213 1279 cus
231 1229 290 1277 ab
316 1227 441 1275 illius
460 1224 688 1274 Civitatis
719 1225 975 1288 Episcopo,
1013 1228 1056 1273 &
1089 1228 1142 1275 de
1178 1226 1474 1275 Matrimonii
1499 1226 1563 1274 sui
1595 1222 1843 1277 validitate
1874 1222 2093 1279 Theolo-

131 1309 211 1358 gos
228 1290 457 1341 consuluit
477 1326 489 1337 .

109 1356 297 1408 arochus
314 1353 491 1416 dilapsa
511 1354 564 1399 ab
579 1352 675 1409 eius
702 1353 909 1400 manibus
930 1353 1162 1403 Melitona
1181 1389 1194 1407 ,
1225 1351 1400 1401 dimisso
1418 1388 1433 1407 ,
1467 1363 1517 1400 ut
1533 1351 1732 1400 diximus
1749 1387 1763 1406 ,
1800 1349 1942 1412 Peplo
1962 1384 1976 1403 ,
2007 1364 2094 1412 pro

135 1432 342 1480 tempore
371 1416 462 1479 ipse
483 1415 620 1462 refert
656 1415 916 1477 cognovisse
945 1432 1042 1463 eam
1076 1416 1163 1464 effe
1189 1415 1450 1465 foeminam:
1485 1416 1721 1478 querelam
1755 1412 1885 1462 illico
1917 1411 2093 1460 detulit

132 1482 194 1530 ad
211 1481 452 1528 Vicarium
475 1479 793 1542 capitularem
809 1480 926 1526 Sede
944 1491 1051 1528 tunc
1071 1480 1330 1542 Episcopali
1366 1491 1560 1526 vacante
1579 1513 1590 1530 ,
1625 1479 1673 1524 in
1703 1494 1795 1541 qua
1822 1475 1985 1523 facium
2015 1477 2094 1523 in-

131 1556 261 1609 tegre
276 1541 485 1605 exposuit
503 1576 517 1594 ,
551 1556 721 1601 negans
738 1541 967 1604 agnovisse
990 1541 1223 1595 foeminam
1245 1579 1258 1596 ‚
1287 1557 1419 1604 quam
1444 1541 1680 1588 foeminam
1698 1540 1783 1587 ess'e
1799 1551 1908 1587 tunc
1926 1538 2060 1586 novit
2075 1571 2093 1590 ,

130 1623 235 1657 cum
254 1605 448 1668 Peplum
464 1607 715 1652 detrafium
732 1603 818 1650 suit
842 1606 886 1651 in
906 1609 1005 1652 actu
1021 1607 1115 1662 eius
1138 1606 1254 1668 fugae
1276 1641 1288 1657 ,
1324 1619 1371 1652 at
1392 1604 1712 1658 superveniens
1732 1602 1974 1657 AEdituus,
2004 1616 2091 1649 au·

129 1669 231 1719 dito
251 1668 417 1715 Didaci
448 1667 635 1714 nomine
655 1700 668 1719 ,
712 1667 862 1713 statim
890 1669 1088 1725 coniecit
1112 1668 1345 1717 foeminam
1369 1666 1495 1713 fuisse
1520 1666 1791 1713 Melitenam
1815 1664 2052 1712 Melendez
2074 1697 2101 1712 ‚⁷

129 1731 346 1781 vicarius
361 1730 505 1794 igitur
519 1729 728 1778 decrevit
747 1729 1091 1791 inquisitionem
1115 1731 1368 1778 faciendam
1386 1728 1472 1775 esse
1494 1729 1550 1777 da
1577 1731 1752 1776 Didaco
1770 1763 1782 1782 ‚
1820 1728 2053 1776 Melitona
2073 1761 2088 1781 .

130 1794 320 1843 testibus
337 1813 354 1831 υ
395 1795 510 1844 Duo
526 1807 582 1840 ex
606 1793 676 1839 his
695 1791 785 1838 sese
807 1794 855 1839 in
878 1793 1029 1841 locum
1049 1795 1292 1841 immunem
1315 1804 1625 1854 receperunt3
1655 1793 1866 1838 Parentes
1889 1790 2090 1839 Melito-

87 1866 90 1869 “
128 1863 199 1908 11ae
222 1858 269 1905 in
285 1871 487 1906 carceres
505 1854 698 1912 coniecti
719 1853 902 1902 fuerunt
922 1895 930 1904 .
968 1858 1246 1904 Nuntiatum
1266 1858 1326 1903 est
1351 1856 1578 1903 Didacum
1599 1891 1612 1909 ,
1657 1853 1930 1901 Melitonam
1948 1889 1962 1907 ,
1992 1853 2090 1902 fra-

128 1925 249 1971 trem
267 1923 363 1978 ejus
385 1956 399 1976 ,
431 1919 659 1967 &testem
687 1915 774 1964 esse
795 1919 1065 1981 Origuelae3
1102 1919 1336 1983 requifitus
1355 1919 1496 1982 igitur
1525 1918 1610 1965 suit
1641 1918 1847 1965 Vicarius
1874 1915 2088 1966 Genera·

129 1985 189 2033 lis
210 1984 441 2047 Origuelae
463 1993 488 2030 a
520 1982 711 2031 Vieario
728 1981 1316 2046 GeneraliCarthaginenfi
1339 2017 1349 2033 ,
1392 1993 1438 2027 ut
1458 1981 1522 2026 rei
1544 1982 1828 2029 traderentur
1848 2018 1857 2029 .
1899 1978 2086 2027 Traditi

127 2046 317 2097 fuerunt
338 2084 350 2101 ‚
387 2049 428 2094 &
452 2047 496 2093 in
517 2059 719 2093 carceres
743 2045 933 2105 conjecti
950 2081 964 2095 .
996 2045 1243 2095 Constituti
1270 2046 1475 2092 Diviacus
1498 2078 1510 2096 ,
1546 2045 1588 2090 &
1617 2044 1838 2090 Melitona
1864 2040 1953 2089 falli
1984 2043 2086 2091 sunt

128 2111 512 2163 Matrimonium,
545 2108 639 2155 fassi
656 2108 756 2156 sunt
786 2108 1019 2169 protulisse
1042 2111 1175 2158 verba
1213 2123 1417 2157 mutuum
1452 2107 1713 2154 consensum
1746 2106 2083 2169 exprimentia,

127 2173 474 2223 matrimonium
492 2171 762 2220 consumaffe
786 2208 798 2225 ,
822 2175 861 2219 δι
887 2172 974 2234 sese
996 2174 1159 2237 gessisse
1176 2189 1257 2226 pro
1282 2188 1390 2220 viro
1412 2206 1425 2224 ,
1457 2171 1498 2215 ὅ(
1523 2185 1666 2218 uxore
1683 2201 1697 2215 .
1741 2171 1960 2216 Formiter
1976 2184 2086 2231 quo-

126 2245 215 2300 que
239 2249 307 2284 ter
327 2239 577 2285 examinati
597 2236 782 2284 fuerunt
807 2236 1022 2285 Parentes
1043 2274 1051 2283 ἢ
1085 2239 1125 2284 &
1155 2238 1308 2284 Frater
1327 2236 1571 2282 Melitonae
1591 2272 1603 2288 ‚
1637 2233 1891 2287 Parochus,
1923 2233 2083 2288 testeS,

125 2316 319 2363 quorum
338 2302 426 2348 duo
456 2299 544 2346 sese
565 2300 725 2362 sponte
761 2303 811 2348 in
839 2302 1093 2348 carceribus
1119 2300 1469 2349 constituerant.
1514 2298 1717 2345 Tandem
1755 2299 1844 2343 lata
1881 2295 2085 2343 fui-tsen-

124 2364 274 2411 tentia
292 2364 336 2410 in
358 2364 537 2419 Judicio
556 2363 783 2411 criminali
808 2399 821 2417 ,
854 2366 894 2412 ὅ(
919 2366 1118 2411 damnati
1159 2364 1344 2411 suerunt
1369 2361 1580 2410 D2dacus
1603 2397 1615 2412 ,
1651 2361 1884 2408 Melitona
1910 2394 1923 2411 ,
1957 2358 2094 2415 ejus-'

126 2442 218 2490 que
235 2440 442 2489 parentes
463 2463 476 2481 ‚
511 2427 552 2473 &
573 2426 716 2474 frater
735 2458 750 2473 .
782 2427 1058 2489 Appellavit
1090 2430 1144 2474 ab
1164 2430 1245 2487 hac
1265 2426 1486 2472 sententia
1518 2425 1774 2482 Melitona‚
1812 2424 1889 2470 sed
1918 2423 2083 2485 appel-

125 2491 242 2537 latio
260 2489 304 2538 in
336 2492 613 2538 devolutivo
642 2499 816 2536 tantum
838 2490 1020 2537 admissa
1051 2490 1134 2537 fuit
1157 2524 1171 2538 .
1206 2491 1450 2548 lncaeptum
1473 2492 1574 2535 inde
1592 2487 1922 2542 fuitJudicium
1958 2486 2083 2535 civi-

125 2551 172 2598 le
192 2553 478 2604 validitatis,
511 2555 588 2601 vel
607 2552 839 2600 nullitatis
875 2553 1196 2605 Matrimonii3
1236 2553 1447 2600 Didacus
1480 2554 1599 2599 enim
1629 2550 1879 2598 declaravit
1911 2547 2080 2597 validi-

125 2626 269 2662 tatem
305 2617 571 2678 impugnare
604 2617 756 2665 velle:
794 2617 961 2664 iterum
1003 2617 1148 2679 igitur
1178 2617 1357 2677 repetiti
1380 2615 1563 2662 fuerunt
1592 2612 1832 2667 Didacus,
1877 2612 2079 2669 Melite-7

126 2694 182 2727 na
214 2713 228 2732 ,
264 2690 467 2741 parentes
505 2713 519 2730 ,
554 2679 599 2726 &
629 2677 768 2727 Frater
802 2680 1042 2727 Melitona:
1068 2715 1081 2732 ,
1117 2681 1338 2727 Parochus
1367 2713 1380 2732 ,
1415 2680 1455 2725 &
1492 2677 1622 2725 testes
1659 2713 1673 2729 ,
1712 2692 1857 2737 neque
1889 2677 1931 2721 id
1973 2674 2079 2723 satis

126 2740 216 2788 fuit
239 2778 252 2796 ,
287 2758 391 2789 nam
410 2742 573 2807 quinto
607 2743 654 2789 hi
674 2757 830 2789 omnes
865 2743 1050 2804 repetiti
1079 2742 1262 2792 fuerunt
1284 2778 1297 2796 ‚
1330 2741 1585 2802 postulante
1613 2738 1870 2788 Defensore
1906 2737 2075 2786 Matri-

124 2805 267 2853 monii
289 2841 300 2850 .

61 2865 165 2918 Post
183 2868 339 2930 longas
360 2883 507 2916 moras
525 2868 799 2916 sententiam
819 2866 929 2916 tulit
947 2869 1091 2917 Curia
1123 2866 1426 2917 Eeclefiastica
1461 2863 1838 2929 Carthaginenfis
1860 2900 1874 2918 ‚
1900 2865 1949 2912 in
1985 2880 2075 2929 qua

123 2932 440 2993 pronunciavit
459 2945 549 2978 non
566 2931 761 2979 constare
785 2934 840 2979 de
856 2933 1097 2979 validitate
1133 2931 1463 2984 Matrimonii,
1496 2931 1537 2977 δι
1572 2929 1805 2978 damnavit
1835 2928 2077 2978 Didacum

124 2993 184 3042 ad
198 2997 351 3042 dotem
364 2998 636 3043 ducatorum
652 2995 1013 3058 quingentorum
1026 2995 1270 3042 Melitonae
1289 2994 1553 3042 solvendam
1573 3026 1585 3038 .
1626 2994 1894 3054 Appellavit
1914 2991 1974 3039 ab
1990 2991 2076 3037 hae

124 3057 344 3105 sententia
366 3058 596 3105 Melitona
613 3094 627 3112 ,
659 3060 702 3104 &
720 3060 861 3114 Judex
880 3076 904 3106 a
925 3059 969 3105 N
974 3059 1213 3106 unciatura
1233 3057 1501 3127 Apostolica
1518 3057 1647 3104 datus
1663 3090 1677 3110 ,
1708 3053 1906 3117 repetito
1943 3055 2075 3103 sext-0.

124 3121 332 3168 examine
350 3153 366 3173 ,
394 3120 669 3168 sententiam
689 3123 798 3169 tulit
821 3156 835 3174 ,
869 3137 956 3185 qua
973 3122 1207 3173 revocavit
1224 3135 1420 3182 priorem
1434 3119 1642 3181 Episcopi
1678 3116 2044 3180 Carthaginensis
2059 3149 2075 3170 ‚

119 3183 165 3230 ὃ(
185 3182 560 3231 censuitconstare
577 3183 637 3230 de
678 3185 917 3231 validitate
950 3184 1167 3232 contracti
1202 3183 1488 3230 Matrimonii
1508 3216 1522 3231 .
1559 3182 1830 3244 Appellavit
1866 3181 2073 3228 Didacus

121 3246 175 3292 ad
192 3246 331 3305 ipsum
351 3246 653 3294 Nunciaturae
673 3247 910 3295 Tribunal
935 3284 948 3302 ,
983 3264 1006 3294 a
1026 3263 1116 3312 quo
1130 3247 1355 3294 sententia
1375 3244 1467 3294 lata
1484 3245 1601 3298 suit,
1616 3260 1704 3307 qua
1722 3255 1953 3295 revocata,
1971 3243 2071 3291 sen·

119 3310 265 3356 tentia
288 3309 462 3356 secundi
482 3309 650 3365 Judicis
677 3346 691 3364 ,
713 3310 989 3358 confirmata
1009 3310 1094 3359 fuit
1111 3310 1339 3357 sententia
1359 3308 1607 3370 Episcopi,
1636 3306 1715 3355 nifi
1743 3310 1790 3355 in
1823 3323 1874 3354 ea
1908 3318 2070 3369 parte,

117 3388 214 3434 quae
235 3373 288 3418 de
304 3372 412 3419 dote
427 3372 488 3419 est
510 3406 523 3424 ‚
540 3388 635 3434 quae
652 3377 781 3422 aucta
797 3373 886 3421 fuit
899 3375 951 3420 ad
968 3376 1154 3422 ducatos
1179 3389 1223 3420 2.
1245 3372 1348 3420 mil.
1361 3373 1632 3436 Appellavit
1648 3372 1816 3419 iterum
1833 3370 2071 3432 Melitona

114 3438 167 3482 ad
188 3435 274 3480 hoc
291 3436 475 3482 Sacrum
494 3435 723 3485 Tribunal
745 3473 756 3489 ,
790 3438 957 3484 &cum
979 3437 1130 3484 Causa
1146 3451 1267 3483 nunc
1291 3447 1592 3496 proponatur,
1626 3445 1761 3497 urget
1780 3434 1833 3482 ad
1865 3435 2067 3492 proban·

111 3497 222 3545 dum
242 3498 587 3546 Matrimonium
604 3515 712 3546 vere
729 3517 782 3547 ea
806 3516 862 3548 no
871 3503 936 3548 &e
953 3501 1233 3548 contractum
1253 3497 1380 3545 suiffe
1399 3514 1482 3558 per
1498 3501 1636 3549 verba
1653 3509 1861 3545 mutuum
1876 3497 2066 3545 eonsen-

117 3559 215 3607 sum
235 3561 531 3620 exprimentia
548 3597 562 3615 ,
596 3573 644 3608 ut
659 3576 899 3611 narrarunt
917 3563 1122 3611 Didacus
1141 3598 1154 3617 ,
1189 3562 1423 3610 Melitona
1442 3598 1454 3615 ,
1486 3561 1670 3624 eiusque
1693 3571 1860 3614 mater,
1902 3562 1943 3606 ἂ
1964 3558 2065 3607 fra-

117 3636 188 3670 ter
206 3658 218 3675 ,
251 3625 371 3689 aCtus
388 3623 547 3672 omnes
569 3629 915 3678 antecedentes,
941 3626 1308 3674 concomitantes
1331 3658 1346 3676 ,
1375 3625 1418 3671 &
1451 3625 1762 3687 subsequentes
1783 3659 1797 3678 ,
1823 3638 1933 3686 quos
1967 3621 2064 3668 sm-

110 3687 246 3752 gulos
263 3687 504 3794 dissgenter
524 3689 768 3751 expendit,
801 3690 972 3753 quique
989 3705 1047 3741 ex
1063 3690 1307 3798 haCtenusC
1313 3688 1460 3737 relata
1494 3688 1678 3738 historia
1715 3687 1869 3797 faciled
1887 3683 2067 3746 possunt

341 3757 567 3797 om.XXH.
1876 3750 2003 3811 igno-
