2571 3961
1884 226 1944 272 77

93 285 186 404 F
212 279 430 335 ANEN.
459 276 782 349 QUARTAE
820 278 1236 358 FUNERAL155
1259 277 1614 330 Controversia
1641 286 1752 355 orta
1774 278 1841 327 est
1866 275 1943 326 in-

225 365 299 405 ter
318 352 569 403 Parochos
586 351 821 403 Civitatis
846 351 966 402 Fani
984 387 1000 412 ‚
1036 350 1082 399 ὅ(
1103 347 1400 413 Capitulum
1426 347 1745 400 Cathedralis
1763 346 1942 398 Eccle-

164 423 240 473 fiae
275 417 496 485 ejusdem
541 419 782 473 Civitatis
807 452 820 475 ‚
862 429 1075 485 negante
1098 418 1339 483 Capitulo
1375 428 1604 481 quartam
1628 413 1939 467 fun'erariam

163 489 609 544 Parochistradere
629 505 685 539 ex
708 487 961 546 candelis,
1007 502 1111 549 quae
1151 488 1200 539 iu
1248 486 1510 538 Altaribus
1558 485 1904 537 accenduntur
1924 521 1939 535 .

162 560 375 613 Parochi
410 556 566 624 igitur
587 557 647 609 ad
669 562 764 610 hoc
799 558 1004 610 Sacrum
1025 555 1272 608 Tribunal
1314 553 1660 621 confugerunt
1684 589 1698 613 2
1740 555 1940 606 audito-

159 648 254 697 que
270 630 371 693 jam
410 625 653 693 Episcopo
689 627 841 678 Causa
890 641 1021 677 nunc
1062 627 1365 689 proponitur
1388 661 1401 683 ‚
1440 623 1808 689 disputantibus
1845 624 1939 673 Pa-

160 700 331 752 rochis
350 713 457 749 rem
479 696 668 748 dudum
689 696 951 747 definitam
988 691 1126 744 fuiffe
1167 696 1544 747 Constitutione
1574 693 1776 758 Optimi
1800 691 1941 745 Prin—

157 770 280 835 cipis
305 765 552 820 Benedicti
575 765 714 816 XIII.
756 764 856 815 lata
898 765 946 814 in
985 763 1223 815 Concilio
1252 764 1485 816 Romano
1510 801 1523 823 ‚
1573 763 1713 826 cujus
1738 761 1937 814 initium

161 843 227 890 est
247 866 302 876 --
319 841 562 889 Romanus
578 835 813 898 Pontifex
834 870 849 893 ‚
878 835 921 882 ἃς
957 831 1185 896 pluribus
1204 834 1335 886 Sacri
1362 837 1503 895 hujus
1526 831 1814 885 Tribunalis
1833 833 1938 883 De·

159 908 344 961 cretis:
377 922 466 956 nec
490 914 686 954 mutare
720 903 844 955 duas
880 902 1100 964 Capituli
1141 905 1492 967 exceptiones,
1536 918 1745 966 quarum
1774 901 1936 964 prima

160 978 292 1029 estin
313 970 636 1026 vetustiffima
655 968 1014 1024 consuetudine
1032 1007 1045 1028 ‚
1072 972 1227 1026 altera
1249 975 1295 1024 in
1319 970 1529 1025 cessione
1550 970 1673 1024 fasta
1691 969 1930 1034 Capitulo

156 1051 216 1099 ab
236 1039 487 1109 Episcopo
510 1042 734 1094 Carboni
766 1058 898 1092 anno
934 1047 1080 1107 1165,
1112 1045 1166 1091 de
1203 1045 1523 1094 oblationibus
1544 1057 1642 1092 tam
1671 1043 1891 1093 vivorum
1917 1076 1932 1099 ‚

157 1115 300 1183 qudm
321 1128 609 1165 mortuorum
631 1147 643 1169 ‚
678 1131 779 1180 quse
797 1116 845 1162 in
867 1113 1131 1177 Episcopali
1149 1116 1345 1176 Ecclesta
1367 1113 1631 1178 offeruntur
1651 1147 1665 1169 ‚
1701 1121 1848 1172 atque
1869 1114 1931 1162 ab

152 1184 402 1250 Episcopo
426 1182 672 1234 Riccardo
690 1184 816 1243 anno
844 1185 989 1233 1218.
1009 1186 1063 1231 de
1094 1187 1309 1232 omnihus
1331 1185 1608 1234 mortuariis
1627 1219 1641 1242 ,
1682 1196 1785 1246 quae
1808 1182 1928 1246 adse

147 1259 447 1325 pertinerent
468 1291 481 1316 ‚
503 1255 843 1318 volpertinere
857 1251 1109 1317 potuiffenr
1125 1255 1181 1302 do
1201 1255 1435 1304 Paroa-hia
1450 1288 1464 1302 .
1485 1248 1921 1305 Consuetudinem

150 1325 286 1376 enim
306 1338 679 1388 quamcumque
701 1322 934 1373 Parocnis
975 1319 1239 1373 inimicam
1277 1318 1521 1373 sublatam
1556 1319 1694 1372 fuisse
1736 1321 1796 1369 ab
1840 1336 1934 1370 ea-

153 1395 270 1445 dem
294 1390 615 1444 Benediffiua
638 1390 1014 1442 Constitutione
1035 1426 1049 1449 ,
1083 1403 1233 1454 atque
1265 1392 1330 1442 ita
1366 1389 1646 1455 responsum
1691 1386 1828 1440 fuisse
1870 1390 1929 1438 ab

152 1466 248 1515 hoc
266 1463 417 1514 Sacro
437 1461 708 1512 Tribunali
732 1471 907 1513 contra
930 1461 1094 1512 Patres
1120 1460 1343 1512 Oratorii
1366 1457 1584 1517 eiusdem
1607 1457 1839 1511 Civitatis
1875 1458 1925 1507 in

150 1535 327 1585 Fauen.
357 1547 436 1594 14.
454 1531 731 1583 Decembris
757 1546 904 1594 1754·
937 1527 1192 1581 Ceslioues
1237 1531 1363 1581 vero
1390 1528 1658 1594 complesti
1701 1534 1924 1578 mortua-

152 1603 226 1653 ria
250 1636 267 1662 ,
299 1619 401 1666 quae
419 1602 478 1651 ad
499 1598 761 1666 Episcopus
783 1602 1017 1651 cedentes
1044 1602 1351 1664 pertinerent
1374 1641 1389 1665 ,
1433 1618 1534 1651 non
1564 1615 1667 1663 quae
1693 1598 1750 1648 al
1780 1596 1929 1646 Paro-

152 1675 274 1724 chos
297 1707 311 1732 ‚
345 1670 514 1736 qualia
535 1672 642 1721 sunt
667 1689 722 1723 ex
749 1669 969 1722 candelis
992 1705 1004 1726 ‚
1049 1686 1153 1733 quae
1195 1670 1242 1720 in
1268 1669 1528 1722 Altaribus
1578 1669 1926 1719 accenduntur

153 1743 202 1792 in
226 1737 416 1793 funere.
436 1740 555 1791 Haec
579 1741 857 1792 Parochi.A
883 1740 1123 1803 Capitulo
1147 1739 1268 1793 nihil
1288 1740 1570 1792 habuimus·
1594 1737 1821 1788 Dubium
1844 1737 1926 1786 est.

82 1812 162 1863 An
178 1812 603 1878 quarta'funeralis
639 1814 819 1877 quando
858 1811 1105 1862 Cadavera
1143 1812 1350 1861 aliarum
1378 1810 1715 1859 parochiarum
1757 1808 1811 1854 in
1833 1802 1927 1854 Ca-

149 1882 356 1931 thedrali
375 1883 685 1931 tumulantur
708 1917 720 1938 ,
762 1880 990 1930 debeatur
1010 1896 1194 1945 quoque
1223 1896 1281 1929 ex
1304 1883 1508 1940 candelis
1527 1917 1542 1942 ,
1578 1895 1680 1943 quat
1701 1880 1752 1926 in
1777 1875 1927 1925 Alta-

150 1954 279 2003 ribus
300 1952 516 2015 occofione
522 1952 712 2015 funeris
733 1953 1051 2002 accenduntur
1073 1953 1121 2001 in
1143 1953 1251 2014 casu
1282 1950 1391 2004 &1:-

215 2159 538 2215 Affirmative
556 2194 571 2220 ‚
610 2158 656 2213 ἅ
677 2157 890 2225 amplius
917 2193 931 2211 .

181 2506 479 2562 OJANEN.
532 2513 772 2579 Qatuor
806 2513 913 2564 sunt
953 2510 996 2560 in
1038 2507 1259 2561 Civitate
1295 2500 1594 2569 Campibalii
1640 2501 1922 2565 ssojanensis

202 2578 489 2630 Dioeceseos
508 2582 816 2635 parochiales
841 2581 1085 2637 Ecclesiae,
1109 2593 1222 2641 quas
1246 2578 1372 2628 inter
1401 2575 1616 2630 Ecclesia
1642 2576 1690 2624 Si
1710 2572 1925 2623 Bartho-

143 2648 310 2697 lomaei
330 2684 343 2698 .
376 2650 432 2698 In
453 2667 506 2701 ea
531 2649 635 2702 sunt
658 2653 908 2703 Par-ochus
930 2691 945 2714 ,
984 2649 1269 2713 &quinque
1299 2647 1657 2711 participantes
1699 2645 1810 2701 jure
1828 2642 1925 2691 Ci-

137 2717 258 2783 vico
278 2753 293 2768 .
318 2718 515 2771 Horum
544 2739 721 2772 munus
743 2725 806 2772 est
826 2721 1086 2783 adjuvandi
1108 2719 1168 2768 Pa
1182 2719 1398 2767 rochum
1422 2720 1469 2768 in
1488 2713 1918 2767 administratione

139 2788 585 2843 Sacramentorum
609 2827 623 2848 ‚
657 2791 699 2842 8<
721 2789 1055 2843 functionibus-
1083 2787 1459 2839 parochialibus
1480 2822 1493 2843 ‚
1532 2785 1576 2836 δ’(
1600 2786 1658 2834 de
1677 2784 1918 2834 omnibus

141 2854 363 2919 ejusdem
391 2861 619 2911 Ecclefiae
646 2863 915 2913 redditibus
940 2877 1053 2912 cum
1081 2875 1142 2908 eo
1165 2857 1422 2920 participes
1449 2854 1555 2906 sum
1581 2890 1593 2912 ‚
1635 2866 1689 2904 ut
1725 2851 1916 2915 plenius

140 2928 323 2977 constat
346 2946 401 2978 ex
424 2932 566 2981 Foliis
586 2934 746 2982 Sacrae
769 2936 912 3000 hujus
938 2931 1324 2994 Congregationis
1358 2932 1409 2976 in
1450 2928 1676 2993 Bojanen.
1715 2923 1916 2986 &urium

141 2994 495 3047 Parochialiam
517 3041 530 3063 ‚
559 3005 618 3056 &
649 3006 1122 3053 Praeeminenciarum
1148 3034 1159 3053 ‚
1199 3014 1302 3058 qnae
1325 2997 1644 3060 publicijuris
1668 2990 1790 3044 fidia
1812 2989 1918 3042 fue·-

141 3077 252 3113 runt
291 3070 344 3115 in
369 3070 523 3134 Vol.5.
551 3074 774 3136 Thesaur.
809 3076 1019 3135 Resolut.
1060 3071 1171 3118 Suc,
1195 3069 1421 3132 Congreg.
1439 3080 1676 3133 pag.123.
1705 3065 1766 3118 (ξ’
1792 3080 1912 3128 337·

139 3132 277 3184 Inter
297 3153 449 3190 onera
474 3174 486 3194 ‚
507 3157 609 3203 quae
632 3146 812 3193 habent
837 3179 849 3198 ‚
870 3142 1111 3191 ultimum
1136 3155 1232 3187 nou
1264 3140 1327 3187 est
1348 3138 1470 3187 illud
1494 3136 1745 3187 laesorum
1770 3135 1787 3188 3
1808 3147 1912 3195 quac

140 3199 405 3256 ascendunt
428 3208 485 3258 ad
508 3225 1014 3263 annuumnumerum
1050 3215 1196 3259 1600.
1237 3205 1372 3256 nulla
1414 3205 1577 3256 habita
1619 3202 1810 3253 ratione
1838 3198 1912 3249 sa-

137 3287 343 3350 crorum
373 3282 715 3339 incertorum,
748 3298 852 3344 qua:
893 3282 1170 3330 adventitia
1194 3288 1466 3327 vocantur.
1509 3275 1675 3322 Certis
1713 3270 1784 3318 his
1838 3267 1910 3320 la-

137 3358 229 3419 cris
256 3378 270 3400 ‚
309 3346 603 3408 stipendium
631 3348 922 3401 sacrificanti
947 3347 1268 3411 pra-standum
1294 3381 1305 3400 ‚
1343 3357 1563 3395 taxatum
1593 3337 1685 3391 fuit
1705 3377 1720 3401 ‚
1745 3337 1824 3389 vel
1851 3339 1909 3388 ab

135 3412 248 3473 ipfis
272 3413 624 3469 Fundatori'uus
645 3454 659 3476 ‚
700 3419 743 3470 ἃ
789 3419 1124 3470 Testatoribus
1148 3449 1160 3471 ‚
1196 3414 1274 3466 vel
1319 3417 1378 3463 ab
1403 3406 1657 3474 Epil'copis
1679 3445 1691 3458 .
1728 3405 1907 3472 Longo

137 3490 304 3532 tamen
334 3482 415 3534 usu
442 3501 700 3550 receptum
728 3486 850 3543 fuit,
880 3501 930 3538 ut
956 3485 1161 3537 Parochi
1186 3484 1437 3545 duplicem
1464 3483 1743 3545 portionem
1764 3480 1900 3528 acci-

134 3563 312 3610 perent
336 3568 437 3604 uon
459 3571 514 3606 ex
537 3555 778 3608 fructibus
796 3558 1089 3608 dumtaxat,
1124 3556 1167 3604 δέ
1192 3551 1465 3602 redditibus
1485 3586 1497 3605 ‚
1550 3553 1633 3610 qui
1656 3546 1731 3598 vel
1755 3547 1803 3596 in
1827 3562 1909 3606 pe·

134 3617 277 3670 cunia
297 3657 313 3684 ‚
331 3624 412 3674 vel
431 3626 480 3677 in
498 3623 764 3680 frumento
791 3627 1089 3687 confistunt,
1111 3623 1188 3673 sed
1213 3623 1370 3673 etiam
1396 3635 1452 3672 ex
1475 3618 1716 3684 stipendio
1741 3613 1908 3666 sacro-

1767 3701 1876 3736 rum
1893 3720 1910 3736 .

1997 272 2112 323 &ss-2
2125 286 2222 322 5.c·1
2235 287 2274 328 3·

1990 323 2038 364 de
2056 327 2145 375 Refi
