<?xml version="1.0" encoding="UTF-8"?>
<!DOCTYPE html PUBLIC "-//W3C//DTD XHTML 1.0 Transitional//EN"
    "http://www.w3.org/TR/xhtml1/DTD/xhtml1-transitional.dtd">
<html xmlns="http://www.w3.org/1999/xhtml" xml:lang="en" lang="en">
 <head>
  <title>
</title>
<meta http-equiv="Content-Type" content="text/html;charset=utf-8" />
  <meta name='ocr-system' content='tesseract 3.04.00' />
  <meta name='ocr-capabilities' content='ocr_page ocr_carea ocr_par ocr_line ocrx_word'/>
</head>
<body>
  <div class='ocr_page' id='page_1' title='image "./thesaurusresolut22cath_0063.png"; bbox 0 0 2571 3961; ppageno 0'>
   <div class='ocr_carea' id='block_1_1' title="bbox 13 172 2030 1699">
    <p class='ocr_par' dir='ltr' id='par_1_1' title="bbox 22 172 2030 1064">
     <span class='ocr_line' id='line_1_1' title="bbox 22 172 2029 259; baseline -0.012 -15"><span class='ocrx_word' id='word_1_1' title='bbox 22 198 245 259; x_wconf 80' lang='lat' dir='ltr'>Disputat</span> <span class='ocrx_word' id='word_1_2' title='bbox 265 193 314 242; x_wconf 92' lang='lat' dir='ltr'>P.</span> <span class='ocrx_word' id='word_1_3' title='bbox 340 189 496 239; x_wconf 82' lang='lat' dir='ltr'>Abbas</span> <span class='ocrx_word' id='word_1_4' title='bbox 515 183 847 249; x_wconf 65' lang='lat' dir='ltr'>dispositionem</span> <span class='ocrx_word' id='word_1_5' title='bbox 871 181 990 241; x_wconf 77' lang='lat' dir='ltr'>iuris</span> <span class='ocrx_word' id='word_1_6' title='bbox 1024 179 1106 228; x_wconf 86' lang='lat' dir='ltr'>sibi</span> <span class='ocrx_word' id='word_1_7' title='bbox 1123 214 1136 233; x_wconf 90' lang='lat'>‚</span> <span class='ocrx_word' id='word_1_8' title='bbox 1167 177 1332 240; x_wconf 85' lang='lat' dir='ltr'>suoque</span> <span class='ocrx_word' id='word_1_9' title='bbox 1361 172 1644 224; x_wconf 77' lang='lat' dir='ltr'>Monasterio</span> <span class='ocrx_word' id='word_1_10' title='bbox 1672 175 1792 223; x_wconf 83' lang='lat' dir='ltr'>hanc</span> <span class='ocrx_word' id='word_1_11' title='bbox 1826 173 2029 222; x_wconf 79' lang='lat' dir='ltr'>tribuere</span> 
     </span>
     <span class='ocr_line' id='line_1_2' title="bbox 78 238 2028 307; baseline -0.012 0"><span class='ocrx_word' id='word_1_12' title='bbox 78 258 344 307; x_wconf 72' lang='lat' dir='ltr'>electionem</span> <span class='ocrx_word' id='word_1_13' title='bbox 362 288 376 307; x_wconf 88' lang='lat'><strong>,</strong></span> <span class='ocrx_word' id='word_1_14' title='bbox 408 265 511 300; x_wconf 90' lang='lat' dir='ltr'>cum</span> <span class='ocrx_word' id='word_1_15' title='bbox 527 260 707 298; x_wconf 89' lang='lat' dir='ltr'>certum</span> <span class='ocrx_word' id='word_1_16' title='bbox 726 248 778 294; x_wconf 87' lang='lat' dir='ltr'>sit</span> <span class='ocrx_word' id='word_1_17' title='bbox 796 244 1117 303; x_wconf 78' lang='lat' dir='ltr'>Jurisdictionis</span> <span class='ocrx_word' id='word_1_18' title='bbox 1131 241 1401 290; x_wconf 82' lang='lat' dir='ltr'>exercitium</span> <span class='ocrx_word' id='word_1_19' title='bbox 1421 274 1434 292; x_wconf 88' lang='lat'><strong>,</strong></span> <span class='ocrx_word' id='word_1_20' title='bbox 1470 240 1665 287; x_wconf 86' lang='lat' dir='ltr'>Praelato</span> <span class='ocrx_word' id='word_1_21' title='bbox 1692 238 1904 294; x_wconf 68' lang='lat' dir='ltr'>defuncto</span> <span class='ocrx_word' id='word_1_22' title='bbox 1924 273 1938 290; x_wconf 91' lang='lat'>,</span> <span class='ocrx_word' id='word_1_23' title='bbox 1972 239 2028 284; x_wconf 87' lang='lat' dir='ltr'>ad</span> 
     </span>
     <span class='ocr_line' id='line_1_3' title="bbox 79 300 2029 383; baseline -0.012 -15"><span class='ocrx_word' id='word_1_24' title='bbox 79 319 349 383; x_wconf 74' lang='lat' dir='ltr'>Capituffim</span> <span class='ocrx_word' id='word_1_25' title='bbox 362 315 540 369; x_wconf 85' lang='lat' dir='ltr'>redire,</span> <span class='ocrx_word' id='word_1_26' title='bbox 572 325 656 367; x_wconf 88' lang='lat' dir='ltr'>ut,</span> <span class='ocrx_word' id='word_1_27' title='bbox 692 309 894 361; x_wconf 75' lang='lat' dir='ltr'>colleffls</span> <span class='ocrx_word' id='word_1_28' title='bbox 929 306 1164 357; x_wconf 86' lang='lat' dir='ltr'>veteribus</span> <span class='ocrx_word' id='word_1_29' title='bbox 1199 300 1494 358; x_wconf 85' lang='lat' dir='ltr'>Canonistis,</span> <span class='ocrx_word' id='word_1_30' title='bbox 1527 304 1679 354; x_wconf 68' lang='lat' dir='ltr'>tradit,</span> <span class='ocrx_word' id='word_1_31' title='bbox 1707 306 2029 351; x_wconf 71' lang='lat' dir='ltr'>Panormitam</span> 
     </span>
     <span class='ocr_line' id='line_1_4' title="bbox 80 363 2029 447; baseline -0.011 -15"><span class='ocrx_word' id='word_1_32' title='bbox 80 389 128 432; x_wconf 85' lang='lat' dir='ltr'>in</span> <span class='ocrx_word' id='word_1_33' title='bbox 144 395 241 447; x_wconf 82' lang='lat' dir='ltr'>cap.</span> <span class='ocrx_word' id='word_1_34' title='bbox 262 384 346 429; x_wconf 79' lang='lat' dir='ltr'>His</span> <span class='ocrx_word' id='word_1_35' title='bbox 369 395 463 443; x_wconf 80' lang='lat' dir='ltr'>quae</span> <span class='ocrx_word' id='word_1_36' title='bbox 481 389 648 426; x_wconf 73' lang='lat' dir='ltr'>num-z.</span> <span class='ocrx_word' id='word_1_37' title='bbox 668 375 748 422; x_wconf 84' lang='lat' dir='ltr'>ubi</span> <span class='ocrx_word' id='word_1_38' title='bbox 763 376 904 423; x_wconf 78' lang='lat' dir='ltr'>etiam</span> <span class='ocrx_word' id='word_1_39' title='bbox 928 371 1271 434; x_wconf 85' lang='lat' dir='ltr'>Felin.pariter</span> <span class='ocrx_word' id='word_1_40' title='bbox 1289 386 1412 417; x_wconf 83' lang='lat' dir='ltr'>num.</span> <span class='ocrx_word' id='word_1_41' title='bbox 1435 379 1477 415; x_wconf 87' lang='lat'>2.</span> <span class='ocrx_word' id='word_1_42' title='bbox 1496 368 1547 414; x_wconf 86' lang='lat' dir='ltr'>de</span> <span class='ocrx_word' id='word_1_43' title='bbox 1585 363 1789 426; x_wconf 76' lang='lat' dir='ltr'>majorit.</span> <span class='ocrx_word' id='word_1_44' title='bbox 1826 370 1883 414; x_wconf 53' lang='grc' dir='ltr'><em>Θ</em></span> <span class='ocrx_word' id='word_1_45' title='bbox 1918 363 2029 411; x_wconf 85' lang='lat' dir='ltr'>obe-</span> 
     </span>
     <span class='ocr_line' id='line_1_5' title="bbox 79 427 2030 507; baseline -0.013 -12"><span class='ocrx_word' id='word_1_46' title='bbox 79 450 196 496; x_wconf 49' lang='lat' dir='ltr'>diens</span> <span class='ocrx_word' id='word_1_47' title='bbox 219 453 393 507; x_wconf 76' lang='lat' dir='ltr'>Rotter.</span> <span class='ocrx_word' id='word_1_48' title='bbox 410 445 462 491; x_wconf 85' lang='lat' dir='ltr'>de</span> <span class='ocrx_word' id='word_1_49' title='bbox 481 436 841 496; x_wconf 78' lang='lat' dir='ltr'>rebenefilib.1.</span> <span class='ocrx_word' id='word_1_50' title='bbox 859 440 1013 499; x_wconf 81' lang='lat' dir='ltr'><em>qu.18.</em></span> <span class='ocrx_word' id='word_1_51' title='bbox 1034 450 1154 497; x_wconf 74' lang='lat' dir='ltr'>num.</span> <span class='ocrx_word' id='word_1_52' title='bbox 1185 444 1262 479; x_wconf 85' lang='lat'>21.</span> <span class='ocrx_word' id='word_1_53' title='bbox 1283 434 1406 478; x_wconf 77' lang='lat' dir='ltr'>eard.</span> <span class='ocrx_word' id='word_1_54' title='bbox 1448 432 1502 478; x_wconf 87' lang='lat' dir='ltr'>de</span> <span class='ocrx_word' id='word_1_55' title='bbox 1541 437 1661 477; x_wconf 81' lang='lat' dir='ltr'>Luca</span> <span class='ocrx_word' id='word_1_56' title='bbox 1695 429 1749 476; x_wconf 79' lang='lat' dir='ltr'>de</span> <span class='ocrx_word' id='word_1_57' title='bbox 1781 427 2030 493; x_wconf 60' lang='lat' dir='ltr'>⁶Jurisdibl5</span> 
     </span>
     <span class='ocr_line' id='line_1_6' title="bbox 83 487 2028 568; baseline -0.011 -12"><span class='ocrx_word' id='word_1_58' title='bbox 83 510 268 568; x_wconf 81' lang='lat' dir='ltr'>disc.54.</span> <span class='ocrx_word' id='word_1_59' title='bbox 289 518 455 555; x_wconf 58' lang='lat' dir='ltr'>numa.</span> <span class='ocrx_word' id='word_1_60' title='bbox 478 509 536 554; x_wconf 52' lang='grc' dir='ltr'><strong><em>ψ</em></strong></span> <span class='ocrx_word' id='word_1_61' title='bbox 565 516 602 556; x_wconf 82' lang='lat'>3·</span> <span class='ocrx_word' id='word_1_62' title='bbox 622 499 720 556; x_wconf 85' lang='lat' dir='ltr'>Juri</span> <span class='ocrx_word' id='word_1_63' title='bbox 742 513 851 547; x_wconf 85' lang='lat' dir='ltr'>vero</span> <span class='ocrx_word' id='word_1_64' title='bbox 866 498 1094 557; x_wconf 51' lang='lat' dir='ltr'>¹⁴comitem</span> <span class='ocrx_word' id='word_1_65' title='bbox 1111 492 1195 548; x_wconf 80' lang='lat' dir='ltr'>effe</span> <span class='ocrx_word' id='word_1_66' title='bbox 1227 492 1605 541; x_wconf 77' lang='lat' dir='ltr'>consuetudinem</span> <span class='ocrx_word' id='word_1_67' title='bbox 1631 524 1637 539; x_wconf 83' lang='lat'><strong>.</strong></span> <span class='ocrx_word' id='word_1_68' title='bbox 1671 504 1776 536; x_wconf 89' lang='lat' dir='ltr'>cum</span> <span class='ocrx_word' id='word_1_69' title='bbox 1806 487 2028 537; x_wconf 80' lang='lat' dir='ltr'>Monacht</span> 
     </span>
     <span class='ocr_line' id='line_1_7' title="bbox 81 549 2028 627; baseline -0.011 -10"><span class='ocrx_word' id='word_1_70' title='bbox 81 569 169 618; x_wconf 72' lang='lat' dir='ltr'>{int</span> <span class='ocrx_word' id='word_1_71' title='bbox 186 571 236 616; x_wconf 89' lang='lat' dir='ltr'>in</span> <span class='ocrx_word' id='word_1_72' title='bbox 253 567 337 613; x_wconf 88' lang='lat' dir='ltr'>hac</span> <span class='ocrx_word' id='word_1_73' title='bbox 356 564 613 627; x_wconf 62' lang='lat' dir='ltr'>possessione</span> <span class='ocrx_word' id='word_1_74' title='bbox 628 579 656 610; x_wconf 91' lang='lat' dir='ltr'>a</span> <span class='ocrx_word' id='word_1_75' title='bbox 671 574 868 622; x_wconf 88' lang='lat' dir='ltr'>ternpore</span> <span class='ocrx_word' id='word_1_76' title='bbox 885 559 1180 609; x_wconf 73' lang='lat' dir='ltr'>vetustissimo</span> <span class='ocrx_word' id='word_1_77' title='bbox 1193 592 1207 611; x_wconf 89' lang='lat'>,</span> <span class='ocrx_word' id='word_1_78' title='bbox 1243 568 1293 611; x_wconf 82' lang='lat' dir='ltr'>ut</span> <span class='ocrx_word' id='word_1_79' title='bbox 1310 556 1451 620; x_wconf 61' lang='lat' dir='ltr'>liquet</span> <span class='ocrx_word' id='word_1_80' title='bbox 1469 572 1524 604; x_wconf 77' lang='lat' dir='ltr'>ex</span> <span class='ocrx_word' id='word_1_81' title='bbox 1548 553 1640 616; x_wconf 91' lang='lat' dir='ltr'>ipso</span> <span class='ocrx_word' id='word_1_82' title='bbox 1659 550 1870 614; x_wconf 81' lang='lat' dir='ltr'>responso</span> <span class='ocrx_word' id='word_1_83' title='bbox 1903 549 2028 597; x_wconf 86' lang='lat' dir='ltr'>Sacri</span> 
     </span>
     <span class='ocr_line' id='line_1_8' title="bbox 81 615 2030 691; baseline -0.011 -11"><span class='ocrx_word' id='word_1_84' title='bbox 81 634 216 691; x_wconf 79' lang='lat' dir='ltr'>huius</span> <span class='ocrx_word' id='word_1_85' title='bbox 232 627 534 681; x_wconf 87' lang='lat' dir='ltr'>Tribunalis,</span> <span class='ocrx_word' id='word_1_86' title='bbox 565 624 686 689; x_wconf 89' lang='lat' dir='ltr'>quod</span> <span class='ocrx_word' id='word_1_87' title='bbox 702 625 830 686; x_wconf 87' lang='lat' dir='ltr'>supra</span> <span class='ocrx_word' id='word_1_88' title='bbox 855 624 1052 670; x_wconf 84' lang='lat' dir='ltr'>dedimus</span> <span class='ocrx_word' id='word_1_89' title='bbox 1086 646 1107 657; x_wconf 91' lang='lat'><em>-</em></span> <span class='ocrx_word' id='word_1_90' title='bbox 1142 623 1360 683; x_wconf 74' lang='lat' dir='ltr'><em>negative</em></span> <span class='ocrx_word' id='word_1_91' title='bbox 1385 621 1543 677; x_wconf 81' lang='lat' dir='ltr'>fizlvis</span> <span class='ocrx_word' id='word_1_92' title='bbox 1568 616 1756 679; x_wconf 76' lang='lat' dir='ltr'>juribus</span> <span class='ocrx_word' id='word_1_93' title='bbox 1792 615 2030 661; x_wconf 84' lang='lat' dir='ltr'>Monacho-</span> 
     </span>
     <span class='ocr_line' id='line_1_9' title="bbox 60 676 2030 747; baseline -0.013 0"><span class='ocrx_word' id='word_1_94' title='bbox 60 730 63 733; x_wconf 89' lang='lat'><em>-</em></span> <span class='ocrx_word' id='word_1_95' title='bbox 91 712 230 746; x_wconf 82' lang='lat' dir='ltr'>rum·</span> <span class='ocrx_word' id='word_1_96' title='bbox 250 691 294 740; x_wconf 86' lang='lat'>&amp;</span> <span class='ocrx_word' id='word_1_97' title='bbox 311 703 368 736; x_wconf 86' lang='lat' dir='ltr'>ex</span> <span class='ocrx_word' id='word_1_98' title='bbox 386 689 536 737; x_wconf 87' lang='lat' dir='ltr'>altero</span> <span class='ocrx_word' id='word_1_99' title='bbox 557 690 654 736; x_wconf 85' lang='lat' dir='ltr'>Sac.</span> <span class='ocrx_word' id='word_1_100' title='bbox 673 685 1064 747; x_wconf 72' lang='lat' dir='ltr'>congregationis</span> <span class='ocrx_word' id='word_1_101' title='bbox 1086 684 1292 746; x_wconf 77' lang='lat' dir='ltr'>negociis</span> <span class='ocrx_word' id='word_1_102' title='bbox 1313 716 1326 735; x_wconf 86' lang='lat'>,</span> <span class='ocrx_word' id='word_1_103' title='bbox 1360 684 1405 729; x_wconf 71' lang='grc' dir='ltr'>δε</span> <span class='ocrx_word' id='word_1_104' title='bbox 1421 678 1831 730; x_wconf 80' lang='lat' dir='ltr'>consultationibus</span> <span class='ocrx_word' id='word_1_105' title='bbox 1852 676 2030 737; x_wconf 85' lang='lat' dir='ltr'>Episco-</span> 
     </span>
     <span class='ocr_line' id='line_1_10' title="bbox 87 741 2029 824; baseline -0.009 -22"><span class='ocrx_word' id='word_1_106' title='bbox 87 770 278 824; x_wconf 82' lang='lat' dir='ltr'>porum,</span> <span class='ocrx_word' id='word_1_107' title='bbox 309 749 665 811; x_wconf 74' lang='lat' dir='ltr'>&amp;Regularium</span> <span class='ocrx_word' id='word_1_108' title='bbox 681 747 933 811; x_wconf 81' lang='lat' dir='ltr'>praepositae</span> <span class='ocrx_word' id='word_1_109' title='bbox 953 783 964 800; x_wconf 94' lang='lat'><em>‚</em></span> <span class='ocrx_word' id='word_1_110' title='bbox 999 749 1040 795; x_wconf 86' lang='lat'>&amp;</span> <span class='ocrx_word' id='word_1_111' title='bbox 1063 745 1310 809; x_wconf 18' lang='lat' dir='ltr'>extultimis</span> <span class='ocrx_word' id='word_1_112' title='bbox 1343 743 1529 792; x_wconf 82' lang='lat' dir='ltr'>statibus</span> <span class='ocrx_word' id='word_1_113' title='bbox 1561 742 1855 790; x_wconf 83' lang='lat' dir='ltr'>vacationum</span> <span class='ocrx_word' id='word_1_114' title='bbox 1891 741 2029 797; x_wconf 79' lang='lat' dir='ltr'>hujus</span> 
     </span>
     <span class='ocr_line' id='line_1_11' title="bbox 88 802 2022 874; baseline -0.012 -4"><span class='ocrx_word' id='word_1_115' title='bbox 88 817 298 871; x_wconf 81' lang='lat' dir='ltr'>Abbatiae</span> <span class='ocrx_word' id='word_1_116' title='bbox 314 848 329 868; x_wconf 82' lang='lat'>‚</span> <span class='ocrx_word' id='word_1_117' title='bbox 361 813 557 874; x_wconf 89' lang='lat' dir='ltr'>ideoque</span> <span class='ocrx_word' id='word_1_118' title='bbox 572 811 803 859; x_wconf 77' lang='lat' dir='ltr'>rectissime</span> <span class='ocrx_word' id='word_1_119' title='bbox 817 826 843 856; x_wconf 85' lang='lat' dir='ltr'>a</span> <span class='ocrx_word' id='word_1_120' title='bbox 860 811 906 858; x_wconf 89' lang='lat' dir='ltr'>N</span> <span class='ocrx_word' id='word_1_121' title='bbox 913 809 1044 858; x_wconf 89' lang='lat' dir='ltr'>uncio</span> <span class='ocrx_word' id='word_1_122' title='bbox 1061 807 1369 858; x_wconf 84' lang='lat' dir='ltr'>confirmatam</span> <span class='ocrx_word' id='word_1_123' title='bbox 1387 805 1512 855; x_wconf 79' lang='lat' dir='ltr'>fuisse</span> <span class='ocrx_word' id='word_1_124' title='bbox 1534 803 1802 854; x_wconf 70' lang='lat' dir='ltr'>electionem</span> <span class='ocrx_word' id='word_1_125' title='bbox 1823 838 1837 856; x_wconf 84' lang='lat'><em>,</em></span> <span class='ocrx_word' id='word_1_126' title='bbox 1870 802 2022 851; x_wconf 69' lang='lat' dir='ltr'>rectis-</span> 
     </span>
     <span class='ocr_line' id='line_1_12' title="bbox 88 864 2022 938; baseline -0.011 -5"><span class='ocrx_word' id='word_1_127' title='bbox 88 885 194 933; x_wconf 77' lang='lat' dir='ltr'>sime-</span> <span class='ocrx_word' id='word_1_128' title='bbox 207 874 400 938; x_wconf 72' lang='lat' dir='ltr'>vetitum</span> <span class='ocrx_word' id='word_1_129' title='bbox 416 873 725 923; x_wconf 82' lang='lat' dir='ltr'>Offiicialibus</span> <span class='ocrx_word' id='word_1_130' title='bbox 758 873 1124 935; x_wconf 86' lang='lat' dir='ltr'>Episcopalibus,</span> <span class='ocrx_word' id='word_1_131' title='bbox 1157 888 1212 923; x_wconf 91' lang='lat' dir='ltr'>ne</span> <span class='ocrx_word' id='word_1_132' title='bbox 1246 873 1434 919; x_wconf 70' lang='lat' dir='ltr'>electum</span> <span class='ocrx_word' id='word_1_133' title='bbox 1463 867 1770 925; x_wconf 67' lang='lat' dir='ltr'>turbarentxin</span> <span class='ocrx_word' id='word_1_134' title='bbox 1799 864 2022 913; x_wconf 83' lang='lat' dir='ltr'>exercitio</span> 
     </span>
     <span class='ocr_line' id='line_1_13' title="bbox 89 928 2026 1006; baseline -0.011 -10"><span class='ocrx_word' id='word_1_135' title='bbox 89 947 251 1006; x_wconf 79' lang='lat' dir='ltr'>jurium</span> <span class='ocrx_word' id='word_1_136' title='bbox 270 940 483 994; x_wconf 82' lang='lat' dir='ltr'>suorum,</span> <span class='ocrx_word' id='word_1_137' title='bbox 514 953 617 986; x_wconf 90' lang='lat' dir='ltr'>cum</span> <span class='ocrx_word' id='word_1_138' title='bbox 630 938 698 987; x_wconf 88' lang='lat' dir='ltr'>vis</span> <span class='ocrx_word' id='word_1_139' title='bbox 714 952 802 984; x_wconf 86' lang='lat' dir='ltr'>non</span> <span class='ocrx_word' id='word_1_140' title='bbox 820 936 871 985; x_wconf 86' lang='lat' dir='ltr'>fit</span> <span class='ocrx_word' id='word_1_141' title='bbox 890 937 1093 985; x_wconf 90' lang='lat' dir='ltr'>facienda</span> <span class='ocrx_word' id='word_1_142' title='bbox 1111 935 1184 995; x_wconf 86' lang='lat' dir='ltr'>ei,</span> <span class='ocrx_word' id='word_1_143' title='bbox 1219 934 1296 1000; x_wconf 89' lang='lat' dir='ltr'>qui</span> <span class='ocrx_word' id='word_1_144' title='bbox 1315 935 1359 982; x_wconf 91' lang='lat' dir='ltr'>in</span> <span class='ocrx_word' id='word_1_145' title='bbox 1380 931 1635 996; x_wconf 71' lang='lat' dir='ltr'>possessione</span> <span class='ocrx_word' id='word_1_146' title='bbox 1670 929 1757 981; x_wconf 87' lang='lat' dir='ltr'>est,</span> <span class='ocrx_word' id='word_1_147' title='bbox 1788 944 1932 989; x_wconf 88' lang='lat' dir='ltr'>neque</span> <span class='ocrx_word' id='word_1_148' title='bbox 1967 928 2026 976; x_wconf 87' lang='lat' dir='ltr'>de</span> 
     </span>
     <span class='ocr_line' id='line_1_14' title="bbox 91 991 2028 1064; baseline -0.008 -11"><span class='ocrx_word' id='word_1_149' title='bbox 91 1025 142 1058; x_wconf 79' lang='lat' dir='ltr'>ea</span> <span class='ocrx_word' id='word_1_150' title='bbox 156 1002 451 1064; x_wconf 80' lang='lat' dir='ltr'>deiciendus:</span> <span class='ocrx_word' id='word_1_151' title='bbox 482 1001 793 1048; x_wconf 87' lang='lat' dir='ltr'>Turbativum</span> <span class='ocrx_word' id='word_1_152' title='bbox 814 1000 931 1053; x_wconf 81' lang='lat' dir='ltr'>effe.</span> <span class='ocrx_word' id='word_1_153' title='bbox 968 1001 1009 1047; x_wconf 79' lang='grc' dir='ltr'>δι</span> <span class='ocrx_word' id='word_1_154' title='bbox 1041 1000 1218 1046; x_wconf 91' lang='lat' dir='ltr'>nullum</span> <span class='ocrx_word' id='word_1_155' title='bbox 1254 996 1467 1059; x_wconf 87' lang='lat' dir='ltr'>Episcopi</span> <span class='ocrx_word' id='word_1_156' title='bbox 1489 997 1718 1046; x_wconf 69' lang='lat' dir='ltr'>edictum,</span> <span class='ocrx_word' id='word_1_157' title='bbox 1749 991 1828 1054; x_wconf 90' lang='lat' dir='ltr'>qui</span> <span class='ocrx_word' id='word_1_158' title='bbox 1861 992 1907 1038; x_wconf 89' lang='lat' dir='ltr'>in</span> <span class='ocrx_word' id='word_1_159' title='bbox 1941 993 2028 1038; x_wconf 87' lang='lat' dir='ltr'>hac</span> 
     </span>
    </p>

    <p class='ocr_par' dir='ltr' id='par_1_2' title="bbox 13 1056 2029 1699">
     <span class='ocr_line' id='line_1_15' title="bbox 149 1056 2028 1128; baseline -0.008 -11"><span class='ocrx_word' id='word_1_160' title='bbox 149 1067 343 1117; x_wconf 75' lang='lat' dir='ltr'>ffeflione</span> <span class='ocrx_word' id='word_1_161' title='bbox 359 1065 558 1128; x_wconf 86' lang='lat' dir='ltr'>eligendi</span> <span class='ocrx_word' id='word_1_162' title='bbox 576 1063 812 1113; x_wconf 89' lang='lat' dir='ltr'>Vicarium</span> <span class='ocrx_word' id='word_1_163' title='bbox 832 1063 1152 1125; x_wconf 81' lang='lat' dir='ltr'>Capitularem</span> <span class='ocrx_word' id='word_1_164' title='bbox 1168 1077 1254 1109; x_wconf 90' lang='lat' dir='ltr'>non</span> <span class='ocrx_word' id='word_1_165' title='bbox 1276 1060 1339 1108; x_wconf 89' lang='lat' dir='ltr'>est</span> <span class='ocrx_word' id='word_1_166' title='bbox 1356 1094 1368 1114; x_wconf 95' lang='lat'>,</span> <span class='ocrx_word' id='word_1_167' title='bbox 1403 1060 1483 1122; x_wconf 85' lang='lat' dir='ltr'>qui</span> <span class='ocrx_word' id='word_1_168' title='bbox 1508 1059 1685 1106; x_wconf 90' lang='lat' dir='ltr'>nullum</span> <span class='ocrx_word' id='word_1_169' title='bbox 1703 1058 1784 1103; x_wconf 84' lang='lat' dir='ltr'>hac</span> <span class='ocrx_word' id='word_1_170' title='bbox 1805 1056 1852 1100; x_wconf 91' lang='lat' dir='ltr'>in</span> <span class='ocrx_word' id='word_1_171' title='bbox 1868 1070 1918 1102; x_wconf 89' lang='lat' dir='ltr'>re</span> <span class='ocrx_word' id='word_1_172' title='bbox 1954 1056 2028 1112; x_wconf 82' lang='lat' dir='ltr'>jus</span> 
     </span>
     <span class='ocr_line' id='line_1_16' title="bbox 144 1122 2024 1194; baseline -0.008 -16"><span class='ocrx_word' id='word_1_173' title='bbox 144 1133 218 1178; x_wconf 89' lang='lat' dir='ltr'>bet</span> <span class='ocrx_word' id='word_1_174' title='bbox 236 1163 250 1188; x_wconf 63' lang='lat'><em>2</em></span> <span class='ocrx_word' id='word_1_175' title='bbox 279 1130 448 1194; x_wconf 89' lang='lat' dir='ltr'>quique</span> <span class='ocrx_word' id='word_1_176' title='bbox 461 1130 588 1186; x_wconf 79' lang='lat' dir='ltr'>iuxta</span> <span class='ocrx_word' id='word_1_177' title='bbox 603 1128 827 1175; x_wconf 79' lang='lat' dir='ltr'>notissima</span> <span class='ocrx_word' id='word_1_178' title='bbox 847 1125 1052 1176; x_wconf 78' lang='lat' dir='ltr'>ssassliani</span> <span class='ocrx_word' id='word_1_179' title='bbox 1069 1125 1254 1173; x_wconf 81' lang='lat' dir='ltr'>Ordinis</span> <span class='ocrx_word' id='word_1_180' title='bbox 1273 1122 1520 1185; x_wconf 85' lang='lat' dir='ltr'>privilegia</span> <span class='ocrx_word' id='word_1_181' title='bbox 1537 1137 1628 1169; x_wconf 89' lang='lat' dir='ltr'>non</span> <span class='ocrx_word' id='word_1_182' title='bbox 1647 1129 1832 1184; x_wconf 85' lang='lat' dir='ltr'>poterat</span> <span class='ocrx_word' id='word_1_183' title='bbox 1861 1129 2024 1165; x_wconf 84' lang='lat' dir='ltr'>contra</span> 
     </span>
     <span class='ocr_line' id='line_1_17' title="bbox 82 1182 2024 1255; baseline -0.007 -12"><span class='ocrx_word' id='word_1_184' title='bbox 82 1195 128 1244; x_wconf 89' lang='lat' dir='ltr'>P.</span> <span class='ocrx_word' id='word_1_185' title='bbox 149 1193 411 1252; x_wconf 78' lang='lat' dir='ltr'>Abbatem2</span> <span class='ocrx_word' id='word_1_186' title='bbox 446 1194 487 1240; x_wconf 86' lang='lat'>&amp;</span> <span class='ocrx_word' id='word_1_187' title='bbox 507 1190 759 1243; x_wconf 84' lang='lat' dir='ltr'>Monachos</span> <span class='ocrx_word' id='word_1_188' title='bbox 780 1206 909 1255; x_wconf 88' lang='lat' dir='ltr'>agere</span> <span class='ocrx_word' id='word_1_189' title='bbox 942 1188 1166 1240; x_wconf 86' lang='lat' dir='ltr'>censuris,</span> <span class='ocrx_word' id='word_1_190' title='bbox 1199 1186 1242 1236; x_wconf 69' lang='grc' dir='ltr'>δί</span> <span class='ocrx_word' id='word_1_191' title='bbox 1292 1182 1841 1234; x_wconf 70' lang='lat' dir='ltr'>excommunicationibus</span> <span class='ocrx_word' id='word_1_192' title='bbox 1861 1214 1872 1227; x_wconf 90' lang='lat'>.</span> <span class='ocrx_word' id='word_1_193' title='bbox 1911 1182 2024 1230; x_wconf 80' lang='lat' dir='ltr'>Haec</span> 
     </span>
     <span class='ocr_line' id='line_1_18' title="bbox 77 1243 2022 1315; baseline -0.004 -12"><span class='ocrx_word' id='word_1_194' title='bbox 77 1257 126 1308; x_wconf 88' lang='lat' dir='ltr'>P.</span> <span class='ocrx_word' id='word_1_195' title='bbox 145 1258 329 1305; x_wconf 84' lang='lat' dir='ltr'>Abbas.</span> <span class='ocrx_word' id='word_1_196' title='bbox 365 1258 411 1314; x_wconf 81' lang='grc' dir='ltr'><strong>Α</strong></span> <span class='ocrx_word' id='word_1_197' title='bbox 462 1256 734 1304; x_wconf 86' lang='lat' dir='ltr'>Promotore</span> <span class='ocrx_word' id='word_1_198' title='bbox 751 1253 1082 1304; x_wconf 82' lang='lat' dir='ltr'>FiscaliCuriae</span> <span class='ocrx_word' id='word_1_199' title='bbox 1106 1248 1375 1315; x_wconf 85' lang='lat' dir='ltr'>Episcopalis</span> <span class='ocrx_word' id='word_1_200' title='bbox 1395 1249 1521 1302; x_wconf 82' lang='lat' dir='ltr'>nihil</span> <span class='ocrx_word' id='word_1_201' title='bbox 1535 1243 2022 1297; x_wconf 71' lang='lat' dir='ltr'>hactenushabuimus.</span> 
     </span>
     <span class='ocr_line' id='line_1_19' title="bbox 83 1319 705 1382; baseline -0.005 -15"><span class='ocrx_word' id='word_1_202' title='bbox 83 1319 198 1377; x_wconf 84' lang='lat' dir='ltr'>Duo</span> <span class='ocrx_word' id='word_1_203' title='bbox 218 1322 320 1382; x_wconf 78' lang='lat' dir='ltr'>sunt</span> <span class='ocrx_word' id='word_1_204' title='bbox 341 1319 500 1372; x_wconf 81' lang='lat' dir='ltr'>Causae</span> <span class='ocrx_word' id='word_1_205' title='bbox 522 1319 705 1373; x_wconf 86' lang='lat' dir='ltr'>Dubia.</span> 
     </span>
     <span class='ocr_line' id='line_1_20' title="bbox 17 1372 2024 1448; baseline -0.007 -16"><span class='ocrx_word' id='word_1_206' title='bbox 17 1382 54 1435; x_wconf 76' lang='grc' dir='ltr'>Ι.</span> <span class='ocrx_word' id='word_1_207' title='bbox 88 1391 166 1444; x_wconf 72' lang='lat' dir='ltr'>Aa</span> <span class='ocrx_word' id='word_1_208' title='bbox 182 1387 419 1448; x_wconf 74' lang='lat' dir='ltr'>deputatio</span> <span class='ocrx_word' id='word_1_209' title='bbox 443 1386 625 1431; x_wconf 85' lang='lat' dir='ltr'>Vicarii</span> <span class='ocrx_word' id='word_1_210' title='bbox 648 1385 924 1446; x_wconf 69' lang='lat' dir='ltr'>capitularis</span> <span class='ocrx_word' id='word_1_211' title='bbox 941 1383 998 1431; x_wconf 81' lang='lat' dir='ltr'>ad</span> <span class='ocrx_word' id='word_1_212' title='bbox 1017 1383 1369 1430; x_wconf 77' lang='lat' dir='ltr'>nominationem</span> <span class='ocrx_word' id='word_1_213' title='bbox 1388 1421 1390 1424; x_wconf 78' lang='grc'>,</span> <span class='ocrx_word' id='word_1_214' title='bbox 1408 1377 1726 1424; x_wconf 78' lang='lat' dir='ltr'>Monachorum</span> <span class='ocrx_word' id='word_1_215' title='bbox 1760 1381 1807 1429; x_wconf 65' lang='lat'>5,</span> <span class='ocrx_word' id='word_1_216' title='bbox 1823 1373 1932 1421; x_wconf 83' lang='lat' dir='ltr'>Eliae</span> <span class='ocrx_word' id='word_1_217' title='bbox 1945 1372 2024 1432; x_wconf 78' lang='lat' dir='ltr'>fa-</span> 
     </span>
     <span class='ocr_line' id='line_1_21' title="bbox 270 1438 2027 1512; baseline -0.007 -19"><span class='ocrx_word' id='word_1_218' title='bbox 270 1449 342 1493; x_wconf 67' lang='grc' dir='ltr'>έῐα</span> <span class='ocrx_word' id='word_1_219' title='bbox 361 1464 388 1493; x_wconf 86' lang='lat' dir='ltr'><em>a</em></span> <span class='ocrx_word' id='word_1_220' title='bbox 413 1450 517 1508; x_wconf 67' lang='lat' dir='ltr'>Rffzo</span> <span class='ocrx_word' id='word_1_221' title='bbox 539 1449 726 1497; x_wconf 75' lang='lat' dir='ltr'>Nuntio</span> <span class='ocrx_word' id='word_1_222' title='bbox 761 1449 997 1512; x_wconf 72' lang='lat' dir='ltr'>Neapolis</span> <span class='ocrx_word' id='word_1_223' title='bbox 1018 1479 1032 1499; x_wconf 90' lang='lat'>,</span> <span class='ocrx_word' id='word_1_224' title='bbox 1066 1442 1281 1506; x_wconf 80' lang='lat' dir='ltr'>illiusque</span> <span class='ocrx_word' id='word_1_225' title='bbox 1311 1444 1537 1490; x_wconf 79' lang='lat' dir='ltr'>decretum</span> <span class='ocrx_word' id='word_1_226' title='bbox 1561 1438 1843 1498; x_wconf 80' lang='lat' dir='ltr'>sustineatur</span> <span class='ocrx_word' id='word_1_227' title='bbox 1873 1441 1919 1484; x_wconf 87' lang='lat' dir='ltr'>in</span> <span class='ocrx_word' id='word_1_228' title='bbox 1950 1449 2027 1483; x_wconf 80' lang='lat' dir='ltr'>ca-</span> 
     </span>
     <span class='ocr_line' id='line_1_22' title="bbox 291 1516 430 1560; baseline 0.007 -4"><span class='ocrx_word' id='word_1_229' title='bbox 291 1528 316 1556; x_wconf 83' lang='lat' dir='ltr'><em>u</em></span> <span class='ocrx_word' id='word_1_230' title='bbox 330 1516 430 1560; x_wconf 49' lang='grc' dir='ltr'>ὼε.</span> 
     </span>
     <span class='ocr_line' id='line_1_23' title="bbox 13 1512 2029 1699; baseline -0.014 -66"><span class='ocrx_word' id='word_1_231' title='bbox 13 1570 79 1633; x_wconf 75' lang='grc' dir='ltr'>Π·</span> <span class='ocrx_word' id='word_1_232' title='bbox 114 1581 195 1629; x_wconf 74' lang='lat' dir='ltr'>-An</span> <span class='ocrx_word' id='word_1_233' title='bbox 217 1512 420 1632; x_wconf 58' lang='lat' dir='ltr'>Edsic‘hm</span> <span class='ocrx_word' id='word_1_234' title='bbox 438 1577 585 1699; x_wconf 42' lang='lat' dir='ltr'><em>layum</em></span> <span class='ocrx_word' id='word_1_235' title='bbox 603 1589 631 1619; x_wconf 84' lang='lat' dir='ltr'><em>a</em></span> <span class='ocrx_word' id='word_1_236' title='bbox 649 1575 751 1637; x_wconf 64' lang='lat' dir='ltr'>Rnio</span> <span class='ocrx_word' id='word_1_237' title='bbox 775 1573 988 1639; x_wconf 76' lang='lat' dir='ltr'>Epiftopo</span> <span class='ocrx_word' id='word_1_238' title='bbox 1012 1568 1284 1635; x_wconf 81' lang='lat' dir='ltr'>Anglonenfi</span> <span class='ocrx_word' id='word_1_239' title='bbox 1299 1571 1370 1618; x_wconf 87' lang='lat' dir='ltr'>die</span> <span class='ocrx_word' id='word_1_240' title='bbox 1398 1567 1641 1625; x_wconf 73' lang='lat' dir='ltr'>12.Martii</span> <span class='ocrx_word' id='word_1_241' title='bbox 1669 1560 2029 1628; x_wconf 63' lang='lat' dir='ltr'>1753.fi1stinea-</span> 
     </span>
     <span class='ocr_line' id='line_1_24' title="bbox 265 1642 656 1689; baseline -0.005 -5"><span class='ocrx_word' id='word_1_242' title='bbox 265 1649 344 1684; x_wconf 79' lang='lat' dir='ltr'>tur</span> <span class='ocrx_word' id='word_1_243' title='bbox 365 1642 415 1684; x_wconf 89' lang='lat' dir='ltr'>in</span> <span class='ocrx_word' id='word_1_244' title='bbox 432 1656 482 1685; x_wconf 84' lang='lat' dir='ltr'>ca</span> <span class='ocrx_word' id='word_1_245' title='bbox 506 1658 532 1686; x_wconf 78' lang='lat' dir='ltr'>n</span> <span class='ocrx_word' id='word_1_246' title='bbox 552 1643 656 1689; x_wconf 60' lang='lat' dir='ltr'>&amp;a</span> 
     </span>
    </p>
   </div>
   <div class='ocr_carea' id='block_1_2' title="bbox 140 1758 1094 1830">
    <p class='ocr_par' dir='ltr' id='par_1_3' title="bbox 140 1758 1094 1830">
     <span class='ocr_line' id='line_1_25' title="bbox 140 1758 1094 1830; baseline 0.002 -22"><span class='ocrx_word' id='word_1_247' title='bbox 140 1761 215 1822; x_wconf 80' lang='lat' dir='ltr'>Ad</span> <span class='ocrx_word' id='word_1_248' title='bbox 234 1760 271 1810; x_wconf 90' lang='grc' dir='ltr'>Ι.</span> <span class='ocrx_word' id='word_1_249' title='bbox 289 1761 524 1830; x_wconf 89' lang='lat' dir='ltr'>Negative</span> <span class='ocrx_word' id='word_1_250' title='bbox 541 1796 557 1812; x_wconf 87' lang='grc'><strong>.</strong></span> <span class='ocrx_word' id='word_1_251' title='bbox 591 1762 671 1812; x_wconf 83' lang='lat' dir='ltr'>Ad</span> <span class='ocrx_word' id='word_1_252' title='bbox 693 1758 755 1808; x_wconf 84' lang='grc' dir='ltr'>ΙΙ.</span> <span class='ocrx_word' id='word_1_253' title='bbox 775 1760 1065 1811; x_wconf 82' lang='lat' dir='ltr'>Affirmative</span> <span class='ocrx_word' id='word_1_254' title='bbox 1080 1793 1094 1810; x_wconf 88' lang='lat'>.</span> 
     </span>
    </p>
   </div>
   <div class='ocr_carea' id='block_1_3' title="bbox 4 1873 2032 3670">
    <p class='ocr_par' dir='ltr' id='par_1_4' title="bbox 4 1873 2032 3670">
     <span class='ocr_line' id='line_1_26' title="bbox 44 1873 2029 1947; baseline -0.007 -12"><span class='ocrx_word' id='word_1_255' title='bbox 44 1926 48 1935; x_wconf 58' lang='lat'>2</span> <span class='ocrx_word' id='word_1_256' title='bbox 157 1887 399 1941; x_wconf 83' lang='lat' dir='ltr'><strong>EBBIEN.</strong></span> <span class='ocrx_word' id='word_1_257' title='bbox 415 1889 536 1947; x_wconf 87' lang='lat' dir='ltr'>Cum</span> <span class='ocrx_word' id='word_1_258' title='bbox 555 1901 811 1943; x_wconf 81' lang='lat' dir='ltr'>ann01751.</span> <span class='ocrx_word' id='word_1_259' title='bbox 832 1888 1039 1935; x_wconf 86' lang='lat' dir='ltr'>habenda</span> <span class='ocrx_word' id='word_1_260' title='bbox 1068 1883 1205 1933; x_wconf 77' lang='lat' dir='ltr'>ess&#39;ent</span> <span class='ocrx_word' id='word_1_261' title='bbox 1237 1883 1421 1944; x_wconf 87' lang='lat' dir='ltr'>publica</span> <span class='ocrx_word' id='word_1_262' title='bbox 1452 1877 1661 1929; x_wconf 87' lang='lat' dir='ltr'>Comitia</span> <span class='ocrx_word' id='word_1_263' title='bbox 1692 1873 2029 1937; x_wconf 77' lang='lat' dir='ltr'>componendis</span> 
     </span>
     <span class='ocr_line' id='line_1_27' title="bbox 27 1937 2028 2014; baseline -0.007 -14"><span class='ocrx_word' id='word_1_264' title='bbox 27 2001 33 2011; x_wconf 79' lang='lat'><strong><em>.</em></strong></span> <span class='ocrx_word' id='word_1_265' title='bbox 89 1979 92 1982; x_wconf 94' lang='lat'>·</span> <span class='ocrx_word' id='word_1_266' title='bbox 170 1952 386 2014; x_wconf 68' lang='lat' dir='ltr'>dissidiis,</span> <span class='ocrx_word' id='word_1_267' title='bbox 419 1969 515 2014; x_wconf 78' lang='lat' dir='ltr'>quae</span> <span class='ocrx_word' id='word_1_268' title='bbox 534 1951 715 2014; x_wconf 84' lang='lat' dir='ltr'>imperii</span> <span class='ocrx_word' id='word_1_269' title='bbox 732 1950 866 1998; x_wconf 87' lang='lat' dir='ltr'>causa</span> <span class='ocrx_word' id='word_1_270' title='bbox 880 1949 1092 2014; x_wconf 87' lang='lat' dir='ltr'>Regnum</span> <span class='ocrx_word' id='word_1_271' title='bbox 1110 1945 1302 1996; x_wconf 83' lang='lat' dir='ltr'>Corficae</span> <span class='ocrx_word' id='word_1_272' title='bbox 1319 1946 1561 1997; x_wconf 88' lang='lat' dir='ltr'>dividunt,</span> <span class='ocrx_word' id='word_1_273' title='bbox 1598 1943 1866 1991; x_wconf 86' lang='lat' dir='ltr'>censuerunt</span> <span class='ocrx_word' id='word_1_274' title='bbox 1896 1937 2028 1988; x_wconf 88' lang='lat' dir='ltr'>Galli</span> 
     </span>
     <span class='ocr_line' id='line_1_28' title="bbox 71 2003 2030 2079; baseline -0.008 -15"><span class='ocrx_word' id='word_1_275' title='bbox 71 2015 322 2069; x_wconf 85' lang='lat' dir='ltr'>Proceresa</span> <span class='ocrx_word' id='word_1_276' title='bbox 342 2014 639 2079; x_wconf 81' lang='lat' dir='ltr'>Deooptimo</span> <span class='ocrx_word' id='word_1_277' title='bbox 655 2014 854 2061; x_wconf 85' lang='lat' dir='ltr'>maximo</span> <span class='ocrx_word' id='word_1_278' title='bbox 876 2013 1129 2064; x_wconf 84' lang='lat' dir='ltr'>faciendum</span> <span class='ocrx_word' id='word_1_279' title='bbox 1169 2008 1254 2057; x_wconf 74' lang='lat' dir='ltr'>effe</span> <span class='ocrx_word' id='word_1_280' title='bbox 1288 2008 1564 2072; x_wconf 84' lang='lat' dir='ltr'>principium</span> <span class='ocrx_word' id='word_1_281' title='bbox 1587 2041 1601 2060; x_wconf 89' lang='lat'>,</span> <span class='ocrx_word' id='word_1_282' title='bbox 1636 2007 1679 2053; x_wconf 71' lang='grc' dir='ltr'>ἃ</span> <span class='ocrx_word' id='word_1_283' title='bbox 1713 2003 1908 2051; x_wconf 84' lang='lat' dir='ltr'>solemne</span> <span class='ocrx_word' id='word_1_284' title='bbox 1941 2003 2030 2048; x_wconf 88' lang='lat' dir='ltr'>Sa·-</span> 
     </span>
     <span class='ocr_line' id='line_1_29' title="bbox 71 2065 2030 2141; baseline -0.007 -17"><span class='ocrx_word' id='word_1_285' title='bbox 71 2092 196 2135; x_wconf 84' lang='lat' dir='ltr'>crum</span> <span class='ocrx_word' id='word_1_286' title='bbox 221 2078 441 2141; x_wconf 83' lang='lat' dir='ltr'>agendum</span> <span class='ocrx_word' id='word_1_287' title='bbox 460 2079 506 2127; x_wconf 91' lang='lat' dir='ltr'>in</span> <span class='ocrx_word' id='word_1_288' title='bbox 526 2076 725 2127; x_wconf 75' lang='lat' dir='ltr'>Ecclesia</span> <span class='ocrx_word' id='word_1_289' title='bbox 743 2076 1010 2126; x_wconf 87' lang='lat' dir='ltr'>Cathedrali</span> <span class='ocrx_word' id='word_1_290' title='bbox 1033 2079 1077 2123; x_wconf 89' lang='lat' dir='ltr'>N</span> <span class='ocrx_word' id='word_1_291' title='bbox 1082 2073 1282 2123; x_wconf 77' lang='lat' dir='ltr'>ebbxenfi</span> <span class='ocrx_word' id='word_1_292' title='bbox 1303 2109 1315 2126; x_wconf 92' lang='lat'>‚</span> <span class='ocrx_word' id='word_1_293' title='bbox 1352 2073 1468 2134; x_wconf 86' lang='lat' dir='ltr'>quod</span> <span class='ocrx_word' id='word_1_294' title='bbox 1485 2105 1499 2124; x_wconf 86' lang='lat'>,</span> <span class='ocrx_word' id='word_1_295' title='bbox 1531 2084 1635 2118; x_wconf 90' lang='lat' dir='ltr'>cum</span> <span class='ocrx_word' id='word_1_296' title='bbox 1654 2065 1822 2116; x_wconf 84' lang='lat' dir='ltr'>abesset</span> <span class='ocrx_word' id='word_1_297' title='bbox 1843 2065 2030 2129; x_wconf 87' lang='lat' dir='ltr'>Episco—</span> 
     </span>
     <span class='ocr_line' id='line_1_30' title="bbox 70 2130 2031 2205; baseline -0.007 -15"><span class='ocrx_word' id='word_1_298' title='bbox 70 2158 184 2205; x_wconf 85' lang='lat' dir='ltr'>pus,</span> <span class='ocrx_word' id='word_1_299' title='bbox 218 2140 315 2189; x_wconf 85' lang='lat' dir='ltr'>fieri</span> <span class='ocrx_word' id='word_1_300' title='bbox 339 2144 586 2191; x_wconf 89' lang='lat' dir='ltr'>voluerunt</span> <span class='ocrx_word' id='word_1_301' title='bbox 607 2159 631 2190; x_wconf 90' lang='lat' dir='ltr'>a</span> <span class='ocrx_word' id='word_1_302' title='bbox 648 2139 846 2203; x_wconf 88' lang='lat' dir='ltr'>digniori</span> <span class='ocrx_word' id='word_1_303' title='bbox 869 2141 994 2189; x_wconf 86' lang='lat' dir='ltr'>illius</span> <span class='ocrx_word' id='word_1_304' title='bbox 1027 2136 1233 2188; x_wconf 74' lang='lat' dir='ltr'>Ecclefiae</span> <span class='ocrx_word' id='word_1_305' title='bbox 1272 2137 1438 2184; x_wconf 86' lang='lat' dir='ltr'>ruralis</span> <span class='ocrx_word' id='word_1_306' title='bbox 1462 2170 1473 2181; x_wconf 85' lang='lat'><strong>.</strong></span> <span class='ocrx_word' id='word_1_307' title='bbox 1517 2134 1723 2196; x_wconf 84' lang='lat' dir='ltr'>Qidam</span> <span class='ocrx_word' id='word_1_308' title='bbox 1762 2130 1994 2178; x_wconf 74' lang='lat' dir='ltr'>parochus</span> <span class='ocrx_word' id='word_1_309' title='bbox 2014 2166 2031 2187; x_wconf 89' lang='lat'><strong>,</strong></span> 
     </span>
     <span class='ocr_line' id='line_1_31' title="bbox 70 2193 2030 2269; baseline -0.007 -17"><span class='ocrx_word' id='word_1_310' title='bbox 70 2207 151 2269; x_wconf 83' lang='lat' dir='ltr'>qui</span> <span class='ocrx_word' id='word_1_311' title='bbox 171 2206 474 2255; x_wconf 76' lang='lat' dir='ltr'>Pro-vicarii</span> <span class='ocrx_word' id='word_1_312' title='bbox 492 2204 733 2254; x_wconf 82' lang='lat' dir='ltr'>Generalis</span> <span class='ocrx_word' id='word_1_313' title='bbox 755 2217 916 2253; x_wconf 84' lang='lat' dir='ltr'>munus</span> <span class='ocrx_word' id='word_1_314' title='bbox 932 2206 1117 2269; x_wconf 87' lang='lat' dir='ltr'>gerebat</span> <span class='ocrx_word' id='word_1_315' title='bbox 1138 2238 1151 2256; x_wconf 93' lang='lat'><strong>,</strong></span> <span class='ocrx_word' id='word_1_316' title='bbox 1183 2217 1274 2256; x_wconf 84' lang='lat' dir='ltr'>non</span> <span class='ocrx_word' id='word_1_317' title='bbox 1291 2197 1568 2261; x_wconf 85' lang='lat' dir='ltr'>distinguens</span> <span class='ocrx_word' id='word_1_318' title='bbox 1610 2193 1970 2254; x_wconf 69' lang='lat' dir='ltr'>iurisdietionem</span> <span class='ocrx_word' id='word_1_319' title='bbox 2001 2209 2030 2241; x_wconf 79' lang='lat' dir='ltr'>a</span> 
     </span>
     <span class='ocr_line' id='line_1_32' title="bbox 69 2256 2030 2332; baseline -0.006 -16"><span class='ocrx_word' id='word_1_320' title='bbox 69 2270 321 2332; x_wconf 67' lang='lat' dir='ltr'>{Dignitate</span> <span class='ocrx_word' id='word_1_321' title='bbox 344 2268 649 2317; x_wconf 81' lang='lat' dir='ltr'>Ecclesiastica</span> <span class='ocrx_word' id='word_1_322' title='bbox 673 2302 687 2323; x_wconf 89' lang='lat'>,</span> <span class='ocrx_word' id='word_1_323' title='bbox 721 2270 772 2315; x_wconf 86' lang='lat' dir='ltr'>ad</span> <span class='ocrx_word' id='word_1_324' title='bbox 807 2269 1002 2317; x_wconf 82' lang='lat' dir='ltr'>solemne</span> <span class='ocrx_word' id='word_1_325' title='bbox 1033 2269 1208 2316; x_wconf 90' lang='lat' dir='ltr'>sacrum</span> <span class='ocrx_word' id='word_1_326' title='bbox 1246 2262 1472 2328; x_wconf 83' lang='lat' dir='ltr'>agendum</span> <span class='ocrx_word' id='word_1_327' title='bbox 1503 2260 1718 2312; x_wconf 84' lang='lat' dir='ltr'>acceflit,</span> <span class='ocrx_word' id='word_1_328' title='bbox 1750 2256 1894 2318; x_wconf 85' lang='lat' dir='ltr'>spreto</span> <span class='ocrx_word' id='word_1_329' title='bbox 1926 2256 2030 2312; x_wconf 86' lang='lat' dir='ltr'>iure</span> 
     </span>
     <span class='ocr_line' id='line_1_33' title="bbox 69 2321 2029 2395; baseline -0.007 -14"><span class='ocrx_word' id='word_1_330' title='bbox 69 2331 404 2381; x_wconf 85' lang='lat' dir='ltr'>Archidiaconi</span> <span class='ocrx_word' id='word_1_331' title='bbox 426 2333 618 2383; x_wconf 82' lang='lat' dir='ltr'>Antonii</span> <span class='ocrx_word' id='word_1_332' title='bbox 635 2331 837 2386; x_wconf 86' lang='lat' dir='ltr'>Gentilis</span> <span class='ocrx_word' id='word_1_333' title='bbox 858 2370 871 2387; x_wconf 90' lang='lat'>,</span> <span class='ocrx_word' id='word_1_334' title='bbox 904 2334 981 2394; x_wconf 85' lang='lat' dir='ltr'>qui</span> <span class='ocrx_word' id='word_1_335' title='bbox 1002 2332 1191 2395; x_wconf 81' lang='lat' dir='ltr'>primam</span> <span class='ocrx_word' id='word_1_336' title='bbox 1216 2326 1511 2392; x_wconf 82' lang='lat' dir='ltr'>Dignitatem</span> <span class='ocrx_word' id='word_1_337' title='bbox 1535 2324 1669 2371; x_wconf 88' lang='lat' dir='ltr'>habet</span> <span class='ocrx_word' id='word_1_338' title='bbox 1692 2323 1738 2368; x_wconf 79' lang='lat' dir='ltr'>in</span> <span class='ocrx_word' id='word_1_339' title='bbox 1760 2321 1918 2367; x_wconf 87' lang='lat' dir='ltr'>eadem</span> <span class='ocrx_word' id='word_1_340' title='bbox 1938 2322 2029 2368; x_wconf 87' lang='lat' dir='ltr'>Ec-</span> 
     </span>
     <span class='ocr_line' id='line_1_34' title="bbox 37 2384 2030 2472; baseline -0.003 -25"><span class='ocrx_word' id='word_1_341' title='bbox 37 2422 47 2436; x_wconf 54' lang='lat' dir='ltr'>x</span> <span class='ocrx_word' id='word_1_342' title='bbox 71 2398 205 2447; x_wconf 82' lang='lat' dir='ltr'>clefia</span> <span class='ocrx_word' id='word_1_343' title='bbox 223 2396 492 2472; x_wconf 58' lang='lat' dir='ltr'>Cathed914·</span> <span class='ocrx_word' id='word_1_344' title='bbox 510 2434 521 2446; x_wconf 88' lang='lat'><strong>.</strong></span> <span class='ocrx_word' id='word_1_345' title='bbox 555 2395 626 2443; x_wconf 91' lang='lat' dir='ltr'>Ut</span> <span class='ocrx_word' id='word_1_346' title='bbox 644 2395 784 2458; x_wconf 85' lang='lat' dir='ltr'>igitur</span> <span class='ocrx_word' id='word_1_347' title='bbox 802 2396 983 2445; x_wconf 84' lang='lat' dir='ltr'>illatam</span> <span class='ocrx_word' id='word_1_348' title='bbox 1000 2400 1043 2445; x_wconf 67' lang='grc' dir='ltr'>ὅ(</span> <span class='ocrx_word' id='word_1_349' title='bbox 1063 2395 1264 2459; x_wconf 72' lang='lat' dir='ltr'>personae</span> <span class='ocrx_word' id='word_1_350' title='bbox 1282 2429 1294 2445; x_wconf 87' lang='lat'>‚</span> <span class='ocrx_word' id='word_1_351' title='bbox 1331 2392 1372 2438; x_wconf 84' lang='lat'>&amp;</span> <span class='ocrx_word' id='word_1_352' title='bbox 1394 2386 1629 2450; x_wconf 85' lang='lat' dir='ltr'>Dignitati</span> <span class='ocrx_word' id='word_1_353' title='bbox 1661 2386 1873 2443; x_wconf 65' lang='lat' dir='ltr'>iniuriam</span> <span class='ocrx_word' id='word_1_354' title='bbox 1891 2384 2030 2432; x_wconf 63' lang='lat' dir='ltr'>farei·</span> 
     </span>
     <span class='ocr_line' id='line_1_35' title="bbox 70 2447 2028 2524; baseline -0.004 -14"><span class='ocrx_word' id='word_1_355' title='bbox 70 2474 144 2510; x_wconf 81' lang='lat' dir='ltr'>ret</span> <span class='ocrx_word' id='word_1_356' title='bbox 164 2459 524 2522; x_wconf 49' lang='lat' dir='ltr'>Archidiarconus</span> <span class='ocrx_word' id='word_1_357' title='bbox 542 2494 556 2513; x_wconf 86' lang='lat'>‚</span> <span class='ocrx_word' id='word_1_358' title='bbox 591 2460 758 2507; x_wconf 88' lang='lat' dir='ltr'>itinere</span> <span class='ocrx_word' id='word_1_359' title='bbox 775 2473 960 2524; x_wconf 85' lang='lat' dir='ltr'>arrepto</span> <span class='ocrx_word' id='word_1_360' title='bbox 974 2463 1084 2508; x_wconf 89' lang='lat' dir='ltr'>adiit</span> <span class='ocrx_word' id='word_1_361' title='bbox 1105 2458 1371 2521; x_wconf 82' lang='lat' dir='ltr'>Episcopum</span> <span class='ocrx_word' id='word_1_362' title='bbox 1390 2488 1404 2507; x_wconf 74' lang='lat'><em>2</em></span> <span class='ocrx_word' id='word_1_363' title='bbox 1437 2453 1514 2514; x_wconf 74' lang='lat' dir='ltr'>qui</span> <span class='ocrx_word' id='word_1_364' title='bbox 1547 2450 1594 2496; x_wconf 74' lang='lat' dir='ltr'>in</span> <span class='ocrx_word' id='word_1_365' title='bbox 1627 2449 1838 2499; x_wconf 78' lang='lat' dir='ltr'>civitate</span> <span class='ocrx_word' id='word_1_366' title='bbox 1872 2447 2028 2502; x_wconf 62' lang='lat' dir='ltr'>Bastia?</span> 
     </span>
     <span class='ocr_line' id='line_1_36' title="bbox 58 2509 2027 2585; baseline -0.01 -11"><span class='ocrx_word' id='word_1_367' title='bbox 58 2537 205 2574; x_wconf 80' lang='lat' dir='ltr'>&#39;extra</span> <span class='ocrx_word' id='word_1_368' title='bbox 222 2521 467 2571; x_wconf 85' lang='lat' dir='ltr'>Dioecefim</span> <span class='ocrx_word' id='word_1_369' title='bbox 484 2518 649 2571; x_wconf 83' lang='lat' dir='ltr'>residet</span> <span class='ocrx_word' id='word_1_370' title='bbox 666 2558 682 2581; x_wconf 84' lang='lat'><strong>,</strong></span> <span class='ocrx_word' id='word_1_371' title='bbox 712 2523 789 2571; x_wconf 84' lang='lat' dir='ltr'>sed</span> <span class='ocrx_word' id='word_1_372' title='bbox 806 2522 899 2585; x_wconf 82' lang='lat' dir='ltr'>spes</span> <span class='ocrx_word' id='word_1_373' title='bbox 917 2541 1017 2574; x_wconf 88' lang='lat' dir='ltr'>eum</span> <span class='ocrx_word' id='word_1_374' title='bbox 1036 2523 1206 2573; x_wconf 86' lang='lat' dir='ltr'>fefellit</span> <span class='ocrx_word' id='word_1_375' title='bbox 1229 2552 1241 2561; x_wconf 56' lang='lat'><em>2</em></span> <span class='ocrx_word' id='word_1_376' title='bbox 1271 2519 1510 2581; x_wconf 85' lang='lat' dir='ltr'>Episcopus</span> <span class='ocrx_word' id='word_1_377' title='bbox 1543 2512 1666 2562; x_wconf 86' lang='lat' dir='ltr'>enim</span> <span class='ocrx_word' id='word_1_378' title='bbox 1702 2510 1857 2580; x_wconf 79' lang='lat' dir='ltr'>audita</span> <span class='ocrx_word' id='word_1_379' title='bbox 1874 2509 2027 2580; x_wconf 33' lang='lat' dir='ltr'>‘causa</span> 
     </span>
     <span class='ocr_line' id='line_1_37' title="bbox 69 2574 2029 2651; baseline -0.005 -13"><span class='ocrx_word' id='word_1_380' title='bbox 69 2592 291 2638; x_wconf 72' lang='lat' dir='ltr'>adventus</span> <span class='ocrx_word' id='word_1_381' title='bbox 316 2586 643 2634; x_wconf 85' lang='lat' dir='ltr'>Archidiaconi</span> <span class='ocrx_word' id='word_1_382' title='bbox 661 2623 675 2642; x_wconf 87' lang='lat'><strong>,</strong></span> <span class='ocrx_word' id='word_1_383' title='bbox 708 2603 810 2635; x_wconf 90' lang='lat' dir='ltr'>eum</span> <span class='ocrx_word' id='word_1_384' title='bbox 830 2605 886 2636; x_wconf 88' lang='lat' dir='ltr'>ne</span> <span class='ocrx_word' id='word_1_385' title='bbox 906 2590 1056 2638; x_wconf 85' lang='lat' dir='ltr'>videre</span> <span class='ocrx_word' id='word_1_386' title='bbox 1084 2587 1294 2651; x_wconf 80' lang='lat' dir='ltr'>quidem,</span> <span class='ocrx_word' id='word_1_387' title='bbox 1329 2584 1374 2630; x_wconf 91' lang='lat'>&amp;</span> <span class='ocrx_word' id='word_1_388' title='bbox 1402 2579 1610 2637; x_wconf 73' lang='lat' dir='ltr'>excipere</span> <span class='ocrx_word' id='word_1_389' title='bbox 1640 2576 1797 2625; x_wconf 74' lang='lat' dir='ltr'>volfflt</span> <span class='ocrx_word' id='word_1_390' title='bbox 1821 2610 1833 2627; x_wconf 77' lang='lat'><em>2</em></span> <span class='ocrx_word' id='word_1_391' title='bbox 1871 2574 2029 2629; x_wconf 74' lang='lat' dir='ltr'>miun-</span> 
     </span>
     <span class='ocr_line' id='line_1_38' title="bbox 70 2636 2026 2716; baseline -0.01 -12"><span class='ocrx_word' id='word_1_392' title='bbox 70 2653 233 2713; x_wconf 74' lang='lat' dir='ltr'>xitque</span> <span class='ocrx_word' id='word_1_393' title='bbox 254 2684 268 2703; x_wconf 73' lang='lat'><em>2</em></span> <span class='ocrx_word' id='word_1_394' title='bbox 300 2660 351 2695; x_wconf 89' lang='lat' dir='ltr'>ut</span> <span class='ocrx_word' id='word_1_395' title='bbox 369 2647 484 2694; x_wconf 87' lang='lat' dir='ltr'>intra</span> <span class='ocrx_word' id='word_1_396' title='bbox 504 2649 701 2710; x_wconf 70' lang='lat' dir='ltr'>spatium,</span> <span class='ocrx_word' id='word_1_397' title='bbox 716 2644 1087 2716; x_wconf 38' lang='lat' dir='ltr'>‘viginti&#39;qna&#39;tuor</span> <span class='ocrx_word' id='word_1_398' title='bbox 1113 2652 1330 2698; x_wconf 76' lang='lat' dir='ltr'>horarum</span> <span class='ocrx_word' id='word_1_399' title='bbox 1348 2644 1409 2694; x_wconf 88' lang='lat' dir='ltr'>ad</span> <span class='ocrx_word' id='word_1_400' title='bbox 1429 2638 1674 2690; x_wconf 84' lang='lat' dir='ltr'>Ecclesiam</span> <span class='ocrx_word' id='word_1_401' title='bbox 1691 2636 2026 2687; x_wconf 84' lang='lat' dir='ltr'>Cathedralem</span> 
     </span>
     <span class='ocr_line' id='line_1_39' title="bbox 72 2700 2032 2776; baseline -0.009 -13"><span class='ocrx_word' id='word_1_402' title='bbox 72 2715 242 2766; x_wconf 83' lang='lat' dir='ltr'>rediret</span> <span class='ocrx_word' id='word_1_403' title='bbox 262 2748 274 2767; x_wconf 90' lang='lat'><strong>,</strong></span> <span class='ocrx_word' id='word_1_404' title='bbox 309 2711 469 2759; x_wconf 67' lang='lat' dir='ltr'>indicta</span> <span class='ocrx_word' id='word_1_405' title='bbox 484 2714 918 2776; x_wconf 64' lang='lat' dir='ltr'>poenafitspensionis</span> <span class='ocrx_word' id='word_1_406' title='bbox 939 2716 1172 2770; x_wconf 67' lang='lat' dir='ltr'>aDivinis</span> <span class='ocrx_word' id='word_1_407' title='bbox 1196 2711 1418 2772; x_wconf 59' lang='lat' dir='ltr'>ipfofasto</span> <span class='ocrx_word' id='word_1_408' title='bbox 1437 2708 1708 2763; x_wconf 66' lang='lat' dir='ltr'>incurrendg</span> <span class='ocrx_word' id='word_1_409' title='bbox 1745 2736 1759 2755; x_wconf 92' lang='lat'><strong>,</strong></span> <span class='ocrx_word' id='word_1_410' title='bbox 1798 2703 1843 2748; x_wconf 89' lang='lat'>&amp;</span> <span class='ocrx_word' id='word_1_411' title='bbox 1872 2700 2032 2746; x_wconf 81' lang='lat' dir='ltr'>multae</span> 
     </span>
     <span class='ocr_line' id='line_1_40' title="bbox 36 2761 2032 2842; baseline -0.009 -16"><span class='ocrx_word' id='word_1_412' title='bbox 36 2782 40 2783; x_wconf 48' lang='lat'><em>⁷</em></span> <span class='ocrx_word' id='word_1_413' title='bbox 71 2776 345 2842; x_wconf 71' lang='lat' dir='ltr'>pecuniariae</span> <span class='ocrx_word' id='word_1_414' title='bbox 363 2773 580 2826; x_wconf 85' lang='lat' dir='ltr'>scut.1oo</span> <span class='ocrx_word' id='word_1_415' title='bbox 613 2788 805 2823; x_wconf 80' lang='lat' dir='ltr'>monetae</span> <span class='ocrx_word' id='word_1_416' title='bbox 817 2775 1100 2825; x_wconf 74' lang='lat' dir='ltr'>Genuenfis.</span> <span class='ocrx_word' id='word_1_417' title='bbox 1129 2774 1276 2822; x_wconf 76' lang='lat' dir='ltr'>Feffus</span> <span class='ocrx_word' id='word_1_418' title='bbox 1299 2771 1461 2817; x_wconf 87' lang='lat' dir='ltr'>itinere</span> <span class='ocrx_word' id='word_1_419' title='bbox 1481 2802 1493 2819; x_wconf 87' lang='lat'><em>‚</em></span> <span class='ocrx_word' id='word_1_420' title='bbox 1527 2768 1759 2829; x_wconf 68' lang='lat' dir='ltr'>&amp;merore</span> <span class='ocrx_word' id='word_1_421' title='bbox 1795 2761 2032 2818; x_wconf 73' lang='lat' dir='ltr'>injuriosae</span> 
     </span>
     <span class='ocr_line' id='line_1_41' title="bbox 71 2824 2031 2899; baseline -0.009 -10"><span class='ocrx_word' id='word_1_422' title='bbox 71 2839 323 2899; x_wconf 69' lang='lat' dir='ltr'>rejectionis</span> <span class='ocrx_word' id='word_1_423' title='bbox 340 2836 570 2890; x_wconf 64' lang='lat' dir='ltr'>confestus</span> <span class='ocrx_word' id='word_1_424' title='bbox 586 2838 950 2887; x_wconf 86' lang='lat' dir='ltr'>Archidiaconus</span> <span class='ocrx_word' id='word_1_425' title='bbox 967 2841 1015 2886; x_wconf 89' lang='lat' dir='ltr'>in</span> <span class='ocrx_word' id='word_1_426' title='bbox 1040 2837 1204 2886; x_wconf 79' lang='lat' dir='ltr'>febrim</span> <span class='ocrx_word' id='word_1_427' title='bbox 1234 2836 1398 2884; x_wconf 90' lang='lat' dir='ltr'>incidit</span> <span class='ocrx_word' id='word_1_428' title='bbox 1423 2867 1435 2885; x_wconf 89' lang='lat'>,</span> <span class='ocrx_word' id='word_1_429' title='bbox 1472 2832 1515 2878; x_wconf 74' lang='grc' dir='ltr'>δε</span> <span class='ocrx_word' id='word_1_430' title='bbox 1546 2828 1735 2877; x_wconf 85' lang='lat' dir='ltr'>adversa</span> <span class='ocrx_word' id='word_1_431' title='bbox 1768 2824 2031 2876; x_wconf 73' lang='lat' dir='ltr'>valetudine</span> 
     </span>
     <span class='ocr_line' id='line_1_42' title="bbox 70 2887 2032 2967; baseline -0.008 -16"><span class='ocrx_word' id='word_1_432' title='bbox 70 2902 353 2967; x_wconf 71' lang='lat' dir='ltr'>praepeditus</span> <span class='ocrx_word' id='word_1_433' title='bbox 367 2899 602 2949; x_wconf 81' lang='lat' dir='ltr'>discedere</span> <span class='ocrx_word' id='word_1_434' title='bbox 623 2916 713 2948; x_wconf 90' lang='lat' dir='ltr'>non</span> <span class='ocrx_word' id='word_1_435' title='bbox 730 2901 880 2962; x_wconf 91' lang='lat' dir='ltr'>potuit</span> <span class='ocrx_word' id='word_1_436' title='bbox 895 2937 910 2956; x_wconf 95' lang='lat'>,</span> <span class='ocrx_word' id='word_1_437' title='bbox 942 2903 1276 2961; x_wconf 87' lang='lat' dir='ltr'>certioremque</span> <span class='ocrx_word' id='word_1_438' title='bbox 1295 2895 1487 2947; x_wconf 90' lang='lat' dir='ltr'>reddidit</span> <span class='ocrx_word' id='word_1_439' title='bbox 1522 2892 1792 2953; x_wconf 84' lang='lat' dir='ltr'>Episcopum</span> <span class='ocrx_word' id='word_1_440' title='bbox 1810 2923 1824 2941; x_wconf 86' lang='lat'>‚</span> <span class='ocrx_word' id='word_1_441' title='bbox 1864 2887 2032 2936; x_wconf 78' lang='lat' dir='ltr'>oblatis</span> 
     </span>
     <span class='ocr_line' id='line_1_43' title="bbox 71 2952 2031 3022; baseline -0.006 -10"><span class='ocrx_word' id='word_1_442' title='bbox 71 2971 211 3021; x_wconf 83' lang='lat' dir='ltr'>etiam</span> <span class='ocrx_word' id='word_1_443' title='bbox 222 2964 527 3013; x_wconf 85' lang='lat' dir='ltr'>Medicorum</span> <span class='ocrx_word' id='word_1_444' title='bbox 543 2961 945 3013; x_wconf 78' lang='lat' dir='ltr'>testificationibus</span> <span class='ocrx_word' id='word_1_445' title='bbox 959 3002 973 3021; x_wconf 89' lang='lat'>,</span> <span class='ocrx_word' id='word_1_446' title='bbox 1009 2965 1083 3013; x_wconf 91' lang='lat' dir='ltr'>sed</span> <span class='ocrx_word' id='word_1_447' title='bbox 1100 2964 1216 3012; x_wconf 88' lang='lat' dir='ltr'>nihil</span> <span class='ocrx_word' id='word_1_448' title='bbox 1236 2960 1434 3022; x_wconf 86' lang='lat' dir='ltr'>profecit</span> <span class='ocrx_word' id='word_1_449' title='bbox 1447 2991 1461 3006; x_wconf 89' lang='lat'><strong>.</strong></span> <span class='ocrx_word' id='word_1_450' title='bbox 1478 2956 1727 3019; x_wconf 87' lang='lat' dir='ltr'>Episcopus</span> <span class='ocrx_word' id='word_1_451' title='bbox 1748 2952 1872 3001; x_wconf 84' lang='lat' dir='ltr'>enirn</span> <span class='ocrx_word' id='word_1_452' title='bbox 1889 2963 2031 3000; x_wconf 80' lang='lat' dir='ltr'>tenax</span> 
     </span>
     <span class='ocr_line' id='line_1_44' title="bbox 72 3013 2032 3091; baseline -0.008 -15"><span class='ocrx_word' id='word_1_453' title='bbox 72 3028 283 3091; x_wconf 75' lang='lat' dir='ltr'>propositi</span> <span class='ocrx_word' id='word_1_454' title='bbox 300 3028 342 3075; x_wconf 93' lang='lat' dir='ltr'>ei</span> <span class='ocrx_word' id='word_1_455' title='bbox 360 3027 607 3090; x_wconf 74' lang='lat' dir='ltr'>praecepit,</span> <span class='ocrx_word' id='word_1_456' title='bbox 640 3040 692 3075; x_wconf 92' lang='lat' dir='ltr'>ut</span> <span class='ocrx_word' id='word_1_457' title='bbox 709 3028 837 3076; x_wconf 89' lang='lat' dir='ltr'>illico</span> <span class='ocrx_word' id='word_1_458' title='bbox 853 3028 933 3076; x_wconf 84' lang='lat' dir='ltr'>sub</span> <span class='ocrx_word' id='word_1_459' title='bbox 953 3029 1130 3077; x_wconf 65' lang='lat' dir='ltr'>indietis</span> <span class='ocrx_word' id='word_1_460' title='bbox 1149 3029 1274 3090; x_wconf 71' lang='lat' dir='ltr'>penis</span> <span class='ocrx_word' id='word_1_461' title='bbox 1296 3022 1531 3073; x_wconf 89' lang='lat' dir='ltr'>Nebbium</span> <span class='ocrx_word' id='word_1_462' title='bbox 1566 3029 1794 3083; x_wconf 87' lang='lat' dir='ltr'>repeteret</span> <span class='ocrx_word' id='word_1_463' title='bbox 1818 3054 1826 3064; x_wconf 95' lang='lat'><em>.</em></span> <span class='ocrx_word' id='word_1_464' title='bbox 1862 3013 2032 3063; x_wconf 87' lang='lat' dir='ltr'>Archi-</span> 
     </span>
     <span class='ocr_line' id='line_1_45' title="bbox 70 3078 2029 3154; baseline -0.008 -14"><span class='ocrx_word' id='word_1_465' title='bbox 70 3092 293 3140; x_wconf 77' lang='lat' dir='ltr'>diaconus</span> <span class='ocrx_word' id='word_1_466' title='bbox 311 3092 452 3154; x_wconf 89' lang='lat' dir='ltr'>igitur</span> <span class='ocrx_word' id='word_1_467' title='bbox 469 3090 569 3151; x_wconf 82' lang='lat' dir='ltr'>vim</span> <span class='ocrx_word' id='word_1_468' title='bbox 600 3089 681 3138; x_wconf 82' lang='lat' dir='ltr'>fibi</span> <span class='ocrx_word' id='word_1_469' title='bbox 715 3091 875 3139; x_wconf 85' lang='lat' dir='ltr'>inferri</span> <span class='ocrx_word' id='word_1_470' title='bbox 911 3089 1405 3151; x_wconf 85' lang='lat' dir='ltr'>videns,-posthabitis</span> <span class='ocrx_word' id='word_1_471' title='bbox 1440 3084 1580 3132; x_wconf 85' lang='lat' dir='ltr'>etiam</span> <span class='ocrx_word' id='word_1_472' title='bbox 1612 3096 1788 3130; x_wconf 74' lang='lat' dir='ltr'>naturae</span> <span class='ocrx_word' id='word_1_473' title='bbox 1819 3078 2029 3142; x_wconf 81' lang='lat' dir='ltr'>legibus.</span> 
     </span>
     <span class='ocr_line' id='line_1_46' title="bbox 68 3138 2031 3218; baseline -0.009 -15"><span class='ocrx_word' id='word_1_474' title='bbox 68 3154 227 3218; x_wconf 82' lang='lat' dir='ltr'>quibus</span> <span class='ocrx_word' id='word_1_475' title='bbox 243 3155 457 3212; x_wconf 79' lang='lat' dir='ltr'>jubemur</span> <span class='ocrx_word' id='word_1_476' title='bbox 478 3190 491 3208; x_wconf 86' lang='lat'><strong>,</strong></span> <span class='ocrx_word' id='word_1_477' title='bbox 523 3167 575 3202; x_wconf 88' lang='lat' dir='ltr'>ut</span> <span class='ocrx_word' id='word_1_478' title='bbox 588 3156 735 3203; x_wconf 77' lang='lat' dir='ltr'>vitam</span> <span class='ocrx_word' id='word_1_479' title='bbox 752 3189 766 3209; x_wconf 89' lang='lat'><strong>,</strong></span> <span class='ocrx_word' id='word_1_480' title='bbox 795 3154 1045 3218; x_wconf 89' lang='lat' dir='ltr'>corpusque</span> <span class='ocrx_word' id='word_1_481' title='bbox 1062 3154 1260 3204; x_wconf 74' lang='lat' dir='ltr'>nostruin</span> <span class='ocrx_word' id='word_1_482' title='bbox 1280 3162 1487 3200; x_wconf 86' lang='lat' dir='ltr'>tueamur</span> <span class='ocrx_word' id='word_1_483' title='bbox 1508 3182 1522 3200; x_wconf 87' lang='lat'>‚</span> <span class='ocrx_word' id='word_1_484' title='bbox 1558 3148 1715 3195; x_wconf 63' lang='lat' dir='ltr'>relidta</span> <span class='ocrx_word' id='word_1_485' title='bbox 1760 3143 1888 3208; x_wconf 81' lang='lat' dir='ltr'>prius</span> <span class='ocrx_word' id='word_1_486' title='bbox 1906 3138 2031 3211; x_wconf 80' lang='lat' dir='ltr'>apud</span> 
     </span>
     <span class='ocr_line' id='line_1_47' title="bbox 72 3210 2030 3282; baseline -0.002 -13"><span class='ocrx_word' id='word_1_487' title='bbox 72 3220 166 3269; x_wconf 69' lang='lat' dir='ltr'>asta</span> <span class='ocrx_word' id='word_1_488' title='bbox 181 3217 336 3266; x_wconf 83' lang='lat' dir='ltr'>Curiae</span> <span class='ocrx_word' id='word_1_489' title='bbox 357 3217 633 3282; x_wconf 83' lang='lat' dir='ltr'>Episcopalis</span> <span class='ocrx_word' id='word_1_490' title='bbox 651 3218 854 3267; x_wconf 90' lang='lat' dir='ltr'>schedula</span> <span class='ocrx_word' id='word_1_491' title='bbox 870 3219 1188 3280; x_wconf 79' lang='lat' dir='ltr'>appellationis</span> <span class='ocrx_word' id='word_1_492' title='bbox 1216 3221 1270 3266; x_wconf 87' lang='lat' dir='ltr'>ad</span> <span class='ocrx_word' id='word_1_493' title='bbox 1303 3216 1515 3267; x_wconf 74' lang='lat' dir='ltr'>Sanctam.</span> <span class='ocrx_word' id='word_1_494' title='bbox 1543 3210 1698 3259; x_wconf 82' lang='lat' dir='ltr'>Sedem</span> <span class='ocrx_word' id='word_1_495' title='bbox 1721 3244 1734 3262; x_wconf 78' lang='grc'><strong><em>,</em></strong></span> <span class='ocrx_word' id='word_1_496' title='bbox 1766 3221 1871 3255; x_wconf 71' lang='lat' dir='ltr'>cum</span> <span class='ocrx_word' id='word_1_497' title='bbox 1903 3214 2030 3266; x_wconf 80' lang='lat' dir='ltr'>peti·</span> 
     </span>
     <span class='ocr_line' id='line_1_48' title="bbox 75 3270 2028 3345; baseline -0.006 -15"><span class='ocrx_word' id='word_1_498' title='bbox 75 3283 203 3334; x_wconf 86' lang='lat' dir='ltr'>tione</span> <span class='ocrx_word' id='word_1_499' title='bbox 219 3281 425 3328; x_wconf 89' lang='lat' dir='ltr'>omnium</span> <span class='ocrx_word' id='word_1_500' title='bbox 447 3281 665 3331; x_wconf 71' lang='lat' dir='ltr'>Actorum</span> <span class='ocrx_word' id='word_1_501' title='bbox 680 3314 696 3334; x_wconf 88' lang='lat'>,</span> <span class='ocrx_word' id='word_1_502' title='bbox 727 3282 925 3332; x_wconf 87' lang='lat' dir='ltr'>Romam</span> <span class='ocrx_word' id='word_1_503' title='bbox 936 3283 1068 3331; x_wconf 86' lang='lat' dir='ltr'>venit</span> <span class='ocrx_word' id='word_1_504' title='bbox 1092 3316 1104 3333; x_wconf 64' lang='lat'>2</span> <span class='ocrx_word' id='word_1_505' title='bbox 1135 3284 1178 3330; x_wconf 87' lang='lat'>&amp;</span> <span class='ocrx_word' id='word_1_506' title='bbox 1199 3295 1350 3345; x_wconf 81' lang='lat' dir='ltr'>preces</span> <span class='ocrx_word' id='word_1_507' title='bbox 1368 3274 1544 3329; x_wconf 90' lang='lat' dir='ltr'>obtulit</span> <span class='ocrx_word' id='word_1_508' title='bbox 1574 3274 1721 3321; x_wconf 76' lang='lat' dir='ltr'>Sacrae</span> <span class='ocrx_word' id='word_1_509' title='bbox 1756 3270 2028 3329; x_wconf 80' lang='lat' dir='ltr'>Congrega-</span> 
     </span>
     <span class='ocr_line' id='line_1_49' title="bbox 75 3343 2028 3410; baseline -0.008 -20"><span class='ocrx_word' id='word_1_510' title='bbox 75 3343 530 3405; x_wconf 82' lang='lat' dir='ltr'>tioniEpiscoporum</span> <span class='ocrx_word' id='word_1_511' title='bbox 545 3379 559 3397; x_wconf 87' lang='lat'>‚</span> <span class='ocrx_word' id='word_1_512' title='bbox 592 3348 637 3394; x_wconf 78' lang='grc' dir='ltr'>δι</span> <span class='ocrx_word' id='word_1_513' title='bbox 654 3345 956 3410; x_wconf 86' lang='lat' dir='ltr'>Regularium</span> <span class='ocrx_word' id='word_1_514' title='bbox 975 3383 988 3401; x_wconf 94' lang='lat'>,</span> <span class='ocrx_word' id='word_1_515' title='bbox 1020 3346 1181 3408; x_wconf 87' lang='lat' dir='ltr'>quibus</span> <span class='ocrx_word' id='word_1_516' title='bbox 1199 3344 1351 3395; x_wconf 88' lang='lat' dir='ltr'>omnia</span> <span class='ocrx_word' id='word_1_517' title='bbox 1371 3380 1383 3399; x_wconf 90' lang='lat'><strong>,</strong></span> <span class='ocrx_word' id='word_1_518' title='bbox 1422 3353 1521 3405; x_wconf 86' lang='lat' dir='ltr'>quae</span> <span class='ocrx_word' id='word_1_519' title='bbox 1547 3345 1804 3386; x_wconf 89' lang='lat' dir='ltr'>evenerunt</span> <span class='ocrx_word' id='word_1_520' title='bbox 1822 3366 1836 3383; x_wconf 88' lang='lat'>‚</span> <span class='ocrx_word' id='word_1_521' title='bbox 1868 3343 2028 3378; x_wconf 76' lang='lat' dir='ltr'>narra-</span> 
     </span>
     <span class='ocr_line' id='line_1_50' title="bbox 75 3394 2029 3478; baseline 0.002 -24"><span class='ocrx_word' id='word_1_522' title='bbox 75 3406 180 3457; x_wconf 85' lang='lat' dir='ltr'>bat.</span> <span class='ocrx_word' id='word_1_523' title='bbox 215 3406 511 3478; x_wconf 64' lang='lat' dir='ltr'>Rescriptum</span> <span class='ocrx_word' id='word_1_524' title='bbox 528 3407 615 3456; x_wconf 88' lang='lat' dir='ltr'>fuit</span> <span class='ocrx_word' id='word_1_525' title='bbox 638 3408 710 3456; x_wconf 89' lang='lat' dir='ltr'>die</span> <span class='ocrx_word' id='word_1_526' title='bbox 737 3426 809 3470; x_wconf 85' lang='lat'>19.</span> <span class='ocrx_word' id='word_1_527' title='bbox 831 3409 1112 3458; x_wconf 54' lang='lat' dir='ltr'>Novembriz</span> <span class='ocrx_word' id='word_1_528' title='bbox 1126 3414 1287 3457; x_wconf 91' lang='lat' dir='ltr'>eodem</span> <span class='ocrx_word' id='word_1_529' title='bbox 1300 3422 1419 3455; x_wconf 74' lang='lat' dir='ltr'>anno</span> <span class='ocrx_word' id='word_1_530' title='bbox 1434 3415 1568 3459; x_wconf 81' lang='lat'>1751·</span> <span class='ocrx_word' id='word_1_531' title='bbox 1589 3436 1620 3453; x_wconf 65' lang='grc' dir='ltr'><strong>υ</strong></span> <span class='ocrx_word' id='word_1_532' title='bbox 1655 3394 1906 3464; x_wconf 63' lang='lat' dir='ltr'>ordinari?</span> <span class='ocrx_word' id='word_1_533' title='bbox 1945 3404 2029 3454; x_wconf 71' lang='grc' dir='ltr'>ΡῙὉ</span> 
     </span>
     <span class='ocr_line' id='line_1_51' title="bbox 73 3458 2025 3527; baseline -0.009 -8"><span class='ocrx_word' id='word_1_534' title='bbox 73 3505 104 3525; x_wconf 85' lang='grc'>,,</span> <span class='ocrx_word' id='word_1_535' title='bbox 139 3470 336 3519; x_wconf 84' lang='lat' dir='ltr'>sollicita</span> <span class='ocrx_word' id='word_1_536' title='bbox 364 3469 715 3527; x_wconf 81' lang='lat' dir='ltr'>1nformatione,</span> <span class='ocrx_word' id='word_1_537' title='bbox 751 3475 935 3524; x_wconf 80' lang='lat' dir='ltr'>&amp;veris</span> <span class='ocrx_word' id='word_1_538' title='bbox 955 3473 1246 3523; x_wconf 78' lang='lat' dir='ltr'>existentibus</span> <span class='ocrx_word' id='word_1_539' title='bbox 1277 3468 1502 3519; x_wconf 66' lang='lat' dir='ltr'>narratis,</span> <span class='ocrx_word' id='word_1_540' title='bbox 1554 3463 1671 3512; x_wconf 73' lang='lat' dir='ltr'>Acta</span> <span class='ocrx_word' id='word_1_541' title='bbox 1705 3458 1987 3508; x_wconf 78' lang='lat' dir='ltr'>transmittat</span> <span class='ocrx_word' id='word_1_542' title='bbox 2009 3489 2025 3509; x_wconf 84' lang='lat'>,</span> 
     </span>
     <span class='ocr_line' id='line_1_52' title="bbox 74 3534 834 3597; baseline 0.005 -17"><span class='ocrx_word' id='word_1_543' title='bbox 74 3566 104 3586; x_wconf 85' lang='lat'>,‚</span> <span class='ocrx_word' id='word_1_544' title='bbox 135 3534 283 3580; x_wconf 85' lang='lat' dir='ltr'>soluta</span> <span class='ocrx_word' id='word_1_545' title='bbox 297 3537 582 3597; x_wconf 86' lang='lat' dir='ltr'>competenti</span> <span class='ocrx_word' id='word_1_546' title='bbox 599 3539 800 3591; x_wconf 86' lang='lat' dir='ltr'>mercede</span> <span class='ocrx_word' id='word_1_547' title='bbox 818 3569 834 3583; x_wconf 85' lang='grc'><strong>.</strong></span> 
     </span>
     <span class='ocr_line' id='line_1_53' title="bbox 4 3581 2030 3670; baseline -0.001 -30"><span class='ocrx_word' id='word_1_548' title='bbox 4 3586 248 3644; x_wconf 73' lang='lat' dir='ltr'>,Promotor</span> <span class='ocrx_word' id='word_1_549' title='bbox 266 3609 415 3643; x_wconf 83' lang='lat' dir='ltr'>tamen</span> <span class='ocrx_word' id='word_1_550' title='bbox 432 3598 584 3647; x_wconf 85' lang='lat' dir='ltr'>Curiae</span> <span class='ocrx_word' id='word_1_551' title='bbox 605 3598 887 3670; x_wconf 78' lang='lat' dir='ltr'>Episcopalis</span> <span class='ocrx_word' id='word_1_552' title='bbox 904 3599 1052 3661; x_wconf 89' lang='lat' dir='ltr'>spreta</span> <span class='ocrx_word' id='word_1_553' title='bbox 1068 3633 1083 3653; x_wconf 91' lang='lat'><strong>,</strong></span> <span class='ocrx_word' id='word_1_554' title='bbox 1112 3614 1247 3662; x_wconf 71' lang='lat' dir='ltr'>quam</span> <span class='ocrx_word' id='word_1_555' title='bbox 1268 3596 1632 3647; x_wconf 76' lang='lat' dir='ltr'>Archidiaconus</span> <span class='ocrx_word' id='word_1_556' title='bbox 1669 3599 1776 3637; x_wconf 85' lang='lat' dir='ltr'>ante</span> <span class='ocrx_word' id='word_1_557' title='bbox 1795 3581 2030 3635; x_wconf 66' lang='lat' dir='ltr'>discessum</span> 
     </span>
    </p>
   </div>
   <div class='ocr_carea' id='block_1_4' title="bbox 65 3652 2029 3759">
    <p class='ocr_par' dir='ltr' id='par_1_5' title="bbox 65 3652 2029 3759">
     <span class='ocr_line' id='line_1_54' title="bbox 65 3652 2029 3759; baseline -0.002 -53"><span class='ocrx_word' id='word_1_558' title='bbox 65 3657 424 3722; x_wconf 85' lang='lat' dir='ltr'>interposuerat,</span> <span class='ocrx_word' id='word_1_559' title='bbox 457 3664 810 3725; x_wconf 81' lang='lat' dir='ltr'>appellatione,</span> <span class='ocrx_word' id='word_1_560' title='bbox 840 3663 1012 3716; x_wconf 82' lang='lat' dir='ltr'>institit</span> <span class='ocrx_word' id='word_1_561' title='bbox 1031 3678 1117 3728; x_wconf 84' lang='lat' dir='ltr'>pro</span> <span class='ocrx_word' id='word_1_562' title='bbox 1132 3661 1459 3727; x_wconf 81' lang='lat' dir='ltr'>compilatione</span> <span class='ocrx_word' id='word_1_563' title='bbox 1492 3652 1753 3711; x_wconf 75' lang='lat' dir='ltr'>Procefl&#39;us‚</span> <span class='ocrx_word' id='word_1_564' title='bbox 1791 3659 2029 3759; x_wconf 61' lang='lat' dir='ltr'>qugegess-</span> 
     </span>
    </p>
   </div>
  </div>
 </body>
</html>
