2571 3961
945 288 947 290 .
2023 253 2078 294 15

140 306 220 350 bus
244 298 530 364 Presbyteris
551 317 573 348 a
591 298 961 363 Con'gregatione
980 299 1131 349 electis
1149 335 1162 354 ,
1191 301 1266 362 qui
1288 313 1502 349 vocantur
1526 303 1795 363 Ragionieri
1813 334 1826 354 ,
1863 300 2001 364 'idque
2019 319 2080 351 ex

140 365 427 426 dispositione
445 361 835 412 Constitutionum
856 363 1055 418 eiusdem
1071 363 1460 426 Congregationis
1483 382 1490 408 :
1529 364 1797 424 proponitur
1816 375 1969 411 tamen
1988 382 2077 414 an·

139 444 201 475 no
225 435 355 489 1684.
371 425 569 474 rationes
587 425 785 476 redditas
817 425 944 475 fuisse
967 426 1186 488 Episcopo
1202 461 1213 472 .
1254 427 1471 473 Relatum
1514 426 1598 475 fuit
1633 427 1674 474 ei
1696 461 1707 478 ,
1741 426 1821 486 qui
1847 441 1964 476 nunc
1984 430 2076 478 Ec-

141 491 282 538 clesiae
302 488 507 537 Pisciensi
525 487 679 548 praeest
697 525 708 540 ‚
740 489 965 550 Episcopo
982 522 995 542 ‚
1030 490 1105 596 pui
1149 506 1202 539 ue
1233 491 1385 537 evecta
1414 505 1558 552 nuper
1577 493 1630 538 ad
1659 488 1967 553 Episcopalem
1988 493 2074 538 Se-

139 562 238 600 dem
256 552 466 602 Civitate
487 551 568 596 illa
586 587 597 601 ‚
631 552 676 597 in
699 550 846 599 locum
872 553 1026 612 Praepo
1045 552 1099 601 iti
1154 550 1344 602 isciensis
1367 553 1567 600 successit
1586 587 1597 603 ,
1636 555 1751 599 bona
1768 587 1780 604 ,
1798 555 1841 598 3<
1874 556 2073 603 redditus

140 616 269 667 illius
290 613 676 672 congregationis
706 613 822 658 male
842 614 1174 667 administrari,
1202 615 1466 675 censuitque
1487 613 1853 675 prospiciendum
1885 613 1969 662 esse
1988 617 2072 664 de-

139 678 277 729 cretis
303 674 577 737 quibusdam
594 708 606 724 ‚
635 675 781 720 donec
801 674 1002 726 visitatio
1022 690 1227 737 ageretur
1247 712 1258 729 ‚
1294 694 1379 739 qua
1401 691 1560 738 aperta
1590 694 1708 725 anno
1734 684 1866 731 1748.
1886 714 1899 731 ,
1935 678 2069 741 plura

143 742 250 794 tulit
265 739 443 787 decreta
459 767 472 791 ,
514 745 563 780 ut
582 735 791 803 pluribus
811 737 936 782 mala:
956 739 1346 790 administrationis
1365 740 1589 801 capitibus
1605 754 1865 793 occurreret
1886 776 1899 794 ‚
1933 756 2068 804 atque

140 805 239 852 haec
254 802 367 851 inter
386 833 397 849 ‚
418 809 468 843 ut
488 796 741 843 Camerarn
761 832 773 848 ‚
801 795 989 858 singulis
1014 803 1140 847 annis
1159 838 1171 855 ,
1202 804 1361 850 delatis
1391 807 1438 849 ad
1455 819 1554 849 eum
1577 803 1727 853 Libris
1744 803 1948 851 rationes
1968 809 2068 853 red-

141 868 332 916 derent.
373 861 543 910 Verum
576 860 666 906 baec
699 859 904 906 Decreta
937 863 982 907 in
1010 862 1185 910 irritum
1217 864 1379 914 cessere
1405 901 1418 919 ,
1448 865 1756 912 recusantibus
1793 866 2068 916 Camerariis

142 931 280 981 libros
298 924 502 977 deferre,
543 923 586 969 δε
616 921 822 970 Decreto
839 926 1182 986 obtemperare.
1217 928 1418 977 Utbunc
1453 941 1769 988 contemptum
1806 928 2066 977 vindicaret

141 991 376 1056 Episcopus
397 1021 410 1038 ,
442 983 655 1046 praecepit
685 984 921 1052 'Francisco
956 987 1085 1033 Pomi
1111 989 1408 1043 Camerario,
1444 1002 1495 1036 ut
1521 990 1656 1037 libros
1694 990 1826 1037 ferret
1847 1027 1859 1044 ,
1897 993 1941 1039 ὅ(
1982 993 2066 1039 ad-

139 1050 483 1105 ministrationis
500 1047 582 1094 suae
606 1060 807 1094 rationes
826 1049 1026 1101 redderet
1046 1081 1060 1095 .
1088 1050 1327 1112 Respondit
1345 1054 1629 1101 Camerarius
1649 1053 1884 1101 reddidisse
1909 1055 2062 1101 ratio-

137 1112 237 1167 nem
254 1113 546 1165 ExaCtoribus
563 1110 790 1157 rationum
805 1144 820 1163 ,
843 1112 915 1157 seu
939 1117 1228 1173 Ragionieri,
1248 1132 1405 1176 nempe
1423 1115 1563 1163 Priori
1588 1116 1829 1163 Francisco
1855 1117 2024 1164 Chelio
2046 1152 2062 1172 ,

132 1176 331 1289 ¹&Pect'ro
358 1175 525 1228 Simio,
559 1173 782 1239 librosque
817 1173 901 1221 effe
934 1179 1044 1240 apud
1080 1176 1406 1230 Ferdinandum
1435 1179 1786 1242 Vantagginium
1831 1177 2063 1228 Rationa-

149 1253 219 1290 ern
283 1256 305 1286 a
345 1238 451 1293 ituli
469 1269 484 1292 ,
715 1241 717 1243 ’

65 1303 153 1358 His
173 1257 342 1354 auditis)
368 1302 456 1355 sese
474 1301 703 1349 convertit
733 1300 972 1362 Episcopus
1005 1304 1055 1348 ad
1090 1303 1380 1353 Rationalem
1403 1339 1415 1357 ,
1446 1304 1575 1366 eique
1603 1304 1743 1352 simile
1778 1318 2057 1367 preceptum

126 1364 312 1416 fecitde
332 1364 458 1419 libris
476 1364 691 1412 edendis.
719 1364 969 1428 Respondit
992 1364 1071 1410 ille
1093 1366 1230 1414 libros
1247 1383 1335 1413 non
1358 1369 1520 1413 habere
1540 1402 1552 1422 ‚
1580 1365 1651 1413 sed
1674 1366 1757 1415 effe
1777 1384 1908 1424 penes
1943 1370 2058 1417 Exa-

123 1430 269 1474 flores
287 1430 520 1481 rationum
553 1426 774 1477 chelium
810 1463 822 1480 ,
855 1429 894 1473 ὅ(
928 1428 1110 1476 Simiam
1142 1446 1155 1481 3
1188 1446 1295 1491 ergo
1316 1432 1427 1475 idem
1460 1442 1730 1492 praeceptum
1761 1429 1927 1478 faCtum
1965 1431 2056 1479 fuit

122 1489 293 1543 Chelio
314 1525 327 1545 ,
359 1493 403 1538 8<
426 1490 570 1537 Simio
589 1525 599 1537 .
632 1490 853 1541 Termino
870 1490 1016 1549 elapso
1036 1525 1049 1545 ‚
1075 1493 1150 1553 qui
1171 1493 1216 1541 in
1238 1505 1456 1558 praecepto
1475 1491 1681 1553 praefixus
1702 1491 1853 1542 fuerat
1875 1528 1887 1546 ,
1926 1496 2057 1541 venit

122 1552 171 1599 in
191 1552 259 1609 ius
296 1553 564 1614 Capitulum
594 1552 852 1600 universum
886 1588 898 1604 ‚
929 1554 969 1600 &
1003 1555 1289 1614 appellavita
1327 1570 1548 1617 precepto
1583 1557 1736 1600 edendi
1772 1558 1907 1603 libros
1948 1557 2059 1605 dato

120 1615 273 1671 Priori
293 1616 498 1670 Chelio‚
536 1614 739 1667 &Simio
774 1616 1060 1667 Exadioribus
1102 1618 1363 1671 rationum,
1400 1635 1501 1668 cum
1527 1619 1571 1665 hi
1598 1617 1734 1663 sunOi
1769 1620 1858 1675 jam
1896 1635 2054 1668 eorum

120 1677 274 1732 officio
295 1677 502 1732 fuissent,
539 1678 580 1727 ὅ(
604 1676 707 1729 libri
731 1678 908 1737 repositi
941 1676 1106 1733 essent,
1143 1693 1191 1728 ut
1212 1680 1306 1727 fieri
1330 1681 1536 1732 solebat,
1567 1683 1612 1727 in
1654 1682 1860 1727 Archivo
1898 1682 2052 1743 Capi—

119 1742 261 1794 tulari
281 1775 296 1796 ,
335 1741 514 1799 Reiecit
537 1740 897 1800 appellationem
918 1742 1128 1792 Vicarius
1145 1742 1392 1791 Generalis
1408 1759 1462 1790 ex
1483 1742 1777 1804 dispositione
1806 1744 2054 1808 cognitiffi-

118 1819 204 1856 111ae
227 1803 579 1857 constitutionis
606 1803 891 1853 Sacratiffimi
911 1804 1132 1866 Principis
1156 1805 1290 1854 nostri
1313 1841 1325 1858 ,
1352 1822 1447 1867 quae
1469 1809 1558 1852 lata
1595 1805 1683 1853 suit
1721 1809 1772 1854 de
1810 1809 2048 1870 Appellae

117 1870 324 1920 tionibus
344 1903 359 1919 ‚
398 1877 454 1919 Θ·
493 1865 846 1930 inhibitionibus
865 1867 934 1915 die
968 1882 1021 1919 30
1058 1869 1217 1919 Martii
1250 1885 1366 1915 anno
1394 1882 1517 1930 ¹7⁴2-
1557 1868 1749 1919 Admisit
1774 1881 1926 1919 tamen
1948 1886 2050 1918 eam

120 1929 725 1981 Nunciaturae.Florentinae
750 1927 968 1977 Tribunal
989 1964 1002 1984 ‚
1035 1931 1254 1981 relaxatis
1270 1932 1571 1980 solitisliteris
1609 1932 1869 1983 citatoriis,
1900 1934 1939 1976 8<
1977 1934 2055 1979 in-

114 1993 349 2046 hibitoriis
372 2028 384 2044 ‚
415 2007 523 2053 quas
543 1989 739 2051 praefidio
757 1991 952 2051 ejusdem
970 1993 1318 2041 Constitutionis
1338 1994 1541 2052 spernere
1562 1993 1676 2055 posse
1694 1995 1867 2043 censuit
1898 1993 2054 2044 Curia

116 2054 423 2104 Ecclesiastica
445 2053 673 2105 Piscienfis
694 2092 705 2107 ,
741 2055 782 2100 &
817 2054 918 2101 loco
935 2056 1101 2116 agendi
1124 2071 1281 2104 contra
1304 2056 1722 2118 Congregationern
1742 2095 1753 2111 ,
1791 2057 1863 2103 seu
1896 2058 2049 2121 Capi-

111 2122 290 2172 tulum,
327 2131 376 2165 ut
396 2118 623 2170 rationem
643 2117 870 2172 redderet,
903 2119 941 2164 5<
963 2119 1097 2168 libros
1115 2120 1297 2173 ederet,
1331 2135 1439 2180 quos
1460 2120 1507 2169 in
1539 2119 1749 2167 Archivo
1781 2119 2040 2179 Capitulari

113 2181 326 2245 repositos
349 2179 432 2232 effe
451 2179 731 2236 judicialiter
750 2178 993 2231 asseruerat
1012 2217 1025 2234 ,
1055 2182 1214 2229 iterum
1240 2182 1493 2242 iterumque
1513 2184 1732 2244 praecepit
1755 2183 1898 2233 Priori
1925 2183 2051 2230 Che-

112 2244 180 2297 lio
200 2280 214 2298 ,
248 2246 290 2291 δι
308 2245 448 2291 Simio
467 2279 481 2301 ‚
515 2254 562 2289 ut
584 2244 720 2289 libros
739 2243 967 2290 deferrent
986 2280 998 2298 ,
1033 2246 1285 2306 adjecitque
1306 2258 1529 2304 praecepto
1548 2261 1728 2305 poenam
1761 2243 2052 2303 suspensionis

111 2310 167 2356 ab
197 2307 350 2355 officio
373 2341 386 2359 ‚
417 2308 458 2357 &
495 2304 719 2356 Beneficio
741 2339 755 2354 .
793 2306 958 2354 lterum
994 2307 1040 2354 hi
1070 2308 1127 2355 ad
1166 2308 1396 2358 'I'ribunal
1432 2309 1731 2356 Nunciaturae
1762 2308 2050 2357 Florentinae

107 2370 406 2432 confugerunt
428 2405 440 2421 ,
481 2370 733 2428 iterumque
753 2370 866 2417 datae
885 2368 1067 2421 fuerunt
1089 2370 1230 2419 literte
1251 2370 1470 2419 citatoriae
1490 2405 1503 2423 ,
1526 2372 1567 2417 &
1588 2370 1868 2419 inhibitoriae
1885 2405 1900 2422 ,
1940 2387 2049 2432 quas

108 2433 275 2481 iteruin
301 2433 465 2494 sprevit
483 2431 624 2479 Curia
652 2430 952 2481 Ecclesiastica
978 2433 1205 2480 Piscienfis
1230 2470 1242 2486 ‚
1278 2449 1376 2497 quae
1393 2449 1495 2483 curn
1516 2433 1589 2483 illi
1616 2435 1799 2483 Sacrum
1832 2433 2049 2495 quotidie

110 2495 312 2543 facerent
332 2532 343 2548 ,
379 2499 419 2545 δι
443 2497 729 2545 Sacramenta
750 2494 1052 2543 ministrarent
1072 2533 1083 2549 ,
1117 2496 1290 2544 censuit
1310 2511 1384 2544 eos
1417 2498 1463 2541 in
1484 2496 1866 2558 irregularitatem
1889 2496 2048 2546 incur-

111 2556 214 2605 risse
234 2593 246 2610 ,
285 2560 326 2608 ὅ(
358 2559 587 2608 mandavit
607 2594 618 2610 ‚
652 2571 700 2604 ut
722 2557 766 2606 in
787 2573 991 2610 carceres
1012 2559 1145 2611 Prior
1163 2559 1354 2611 Chelius
1376 2558 1680 2615 conjiceretur
1704 2598 1716 2610 .

52 2619 224 2680 Captus
243 2621 430 2680 quidem
454 2620 538 2671 suit
555 2621 746 2672 Che-lius
770 2657 781 2674 ,
811 2621 882 2668 sed
901 2637 1004 2671 cum
1028 2622 1071 2668 in
1094 2637 1300 2672 carceres
1321 2624 1560 2669 duceretur
1582 2655 1596 2673 ,
1627 2623 1667 2668 &
1690 2638 1832 2683 prope
1852 2623 2046 2670 Turrim

105 2681 216 2734 esset
240 2682 527 2730 Cathedralis
558 2682 765 2730 Ecclesiae
784 2715 799 2735 ‚
830 2699 854 2731 e
884 2699 970 2745 qua
1003 2700 1087 2730 aera
1106 2684 1284 2731 tinnula
1306 2685 1568 2745 pulsantur,
1610 2685 1945 2734 immunitatem
1977 2687 2045 2733 al-

101 2746 305 2806 legavit,
324 2747 365 2790 ὅ(
387 2744 584 2803 Populus
602 2756 859 2797 commotus
876 2762 900 2791 e
920 2746 1122 2796 manibus
1147 2748 1351 2793 lictorum
1370 2762 1471 2793 eum
1489 2747 1657 2805 eripuit
1671 2785 1682 2796 .
1710 2747 1917 2801 Tertiam
1935 2761 2044 2796 tunc

101 2808 430 2856 inhibitionem
458 2819 619 2854 contra
638 2808 946 2858 Promotorem
967 2808 1184 2855 Fiscalem
1201 2809 1353 2856 Curiae
1379 2806 1683 2856 Ecclesiasticae
1703 2808 1932 2859 Piscienlis
1962 2827 2039 2859 re-

100 2871 274 2917 laxavit
299 2869 523 2917 Tribunal
547 2869 839 2921 Nunciaturae
866 2871 1170 2920 Florentinae3
1205 2871 1273 2921 sed
1297 2872 1526 2919 promotor
1552 2875 1759 2931 querelas
1799 2874 1858 2922 de
1883 2877 2049 2922 turba-

101 2943 148 2980 ta
172 2932 245 2984 sua
265 2932 567 2991 iurisdiffione
585 2934 757 2980 detulit
780 2934 838 2979 ad
862 2934 951 2980 hoc
970 2932 1155 2979 Sa'crum
1186 2932 1400 2981 Fribunal
1418 2965 1432 2979 .
1453 2935 1648 2983 Auditus
1670 2936 1808 2996 igitur
1832 2936 1920 2985 fuit
1944 2941 2045 2985 Au-

101 2994 224 3044 ditor
245 2996 544 3048 Nunciaturae
560 3030 572 3049 ,
593 2996 670 3060 qui
693 2997 889 3044 rationes
907 2995 1000 3047 suas
1021 2997 1162 3046 literis
1182 2998 1441 3056 complexus
1459 2996 1520 3042 est
1537 3027 1551 3041 .
1579 2997 1825 3059 Respondit
1847 2999 1916 3046 his
1936 3001 2052 3047 Pro-

100 3068 254 3104 motor
274 3057 502 3104 Pisciensis
524 3059 659 3119 longo
689 3058 846 3109 libello
884 3059 1043 3105 italico
1062 3095 1073 3112 ,
1105 3074 1237 3119 quem
1259 3071 1434 3105 tantum
1470 3059 1690 3106 vidimus.
1729 3062 1871 3110 Venit
1900 3064 2044 3111 etiam

97 3120 155 3167 ad
174 3120 347 3168 causam
369 3121 496 3172 Prior
517 3121 708 3171 Chelius
726 3157 738 3174 ,
770 3132 820 3168 ut
842 3123 937 3178 jura
958 3121 1033 3168 sua
1054 3134 1212 3167 contra
1232 3123 1543 3168 Promotorem
1563 3121 1853 3171 defenderet:
1895 3126 1942 3172 ln
1960 3128 2045 3172 tri-

90 3182 203 3243 plici
225 3184 367 3244 igitur
385 3186 637 3230 certamine
652 3185 800 3231 Causa
816 3185 965 3234 omnis
990 3183 1112 3233 vill.
1131 3183 1369 3246 Capitibus
1390 3185 1578 3233 colletha
1599 3182 1687 3235 fuit
1703 3222 1717 3240 ,
1737 3202 1835 3248 quae
1853 3190 1909 3236 ab
1924 3187 2045 3236 limi-

90 3246 357 3295 nentissimis
379 3247 584 3294 Patribus
604 3247 705 3299 sunt
728 3247 1013 3311 expedienda
1035 3280 1050 3295 .

27 3305 67 3357 1·
101 3309 174 3357 An
202 3343 215 3361 ,
253 3317 312 3359 i&
331 3328 357 3354 a
385 3327 471 3373 quo
484 3311 546 3367 fit
563 3313 781 3362 reddenda
807 3315 929 3358 ratio
955 3313 1162 3375 Episcopo
1186 3315 1236 3360 de
1258 3313 1385 3361 bonis
1409 3344 1424 3362 2
1454 3316 1512 3360 Θ
1550 3310 1805 3361 redditibus
1842 3312 2039 3370 Ecclesiae

274 3380 354 3419 SS.
384 3374 637 3436 Stephani,
671 3380 727 3422 Θ
754 3375 949 3421 ‘Nicolczi
970 3407 983 3424 ‚
1022 3374 1202 3439 ejusque
1223 3375 1296 3438 affl
1321 3375 1521 3439 Capituli
1537 3378 1583 3422 in
1619 3376 1722 3434 casu
1741 3382 1843 3425 &cs
1861 3377 1903 3424 &
1926 3392 2042 3439 qua·

270 3446 404 3481 tenus
422 3435 543 3486 ratio
559 3435 611 3483 fit
628 3434 863 3483 reddenda
888 3436 1115 3500 Episcopo
1140 3474 1151 3484 .

22 3493 88 3547 ΙΙ.
127 3496 203 3547 An
223 3498 408 3561 aliquid
425 3503 559 3561 exigi
581 3500 710 3564 possit
731 3505 778 3547 in
811 3501 990 3558 Causam
1011 3534 1023 3552 ,
1051 3508 1208 3562 &pro
1230 3500 1388 3551 labore
1423 3502 1549 3547 ‹115⁴ae
1583 3503 1853 3551 redditionis
1887 3507 2038 3552 ratio-

273 3565 347 3608 nis
361 3596 376 3615 ,
405 3562 486 3619 seu
507 3562 744 3620 revisionis
765 3561 957 3625 ejusdem
978 3565 1023 3610 in
1041 3565 1140 3620 casii
1160 3569 1263 3612 &c-

17 3620 109 3669 111.
143 3620 217 3672 An
235 3622 427 3671 licuerit
448 3626 657 3690 Episcopo
695 3625 965 3689 compellere
996 3625 1196 3673 chelium
1219 3661 1233 3679 ,
1271 3632 1329 3675 &¹
1352 3631 1543 3676 Simiam
1565 3628 1622 3675 ad
1658 3628 1937 3677 exhibendos
1969 3630 2037 3677 li-

244 3684 373 3748 ⁴bros
392 3687 520 3737 difftae
549 3687 747 3744 Ecclesiae
769 3723 783 3740 ‚
811 3689 893 3746 seu
918 3690 1117 3750 Capituli
1135 3691 1180 3735 in
1210 3689 1309 3746 casii
1332 3696 1431 3739 &a

16 3742 104 3793 tv.
144 3746 217 3799 An
234 3750 686 3812 Prae'cepmpaenc'tlia
707 3784 722 3803 ,
755 3753 806 3798 de
826 3749 993 3813 quibus
1016 3754 1174 3814 agitur
1194 3783 1209 3804 ‚
1233 3751 1544 3814 sustineantur
1565 3758 1612 3805 in
1630 3756 1733 3818 casu
1753 3759 1859 3865 &G—
1897 3815 1937 3862 Α

1850 3847 1865 3863 .
1942 3832 1971 3863 n
