2571 3961
599 164 656 200 η

595 219 599 224 ’
634 212 722 259 lum
739 210 828 258 filii
846 212 1125 269 obstetricis„
1150 217 1232 275 qui
1254 231 1354 262 cum
1371 215 1518 263 fumet
1538 217 1809 279 ignoranter
1828 221 2065 269 ordinatus
2085 237 2110 269 a
2125 223 2233 269 clar.
2253 239 2386 272 mem.
2404 223 2544 273 Car-

593 231 738 321 ginali
772 274 960 336 Belluga
981 310 994 327 ,
1025 291 1126 322 cum
1164 275 1405 338 Episcopus
1436 279 1809 340 Carthaginenfis
1844 280 1986 332 esset,
2020 284 2077 330 ad
2096 286 2331 332 servitium
2367 288 2541 334 ruralis'

589 336 815 396 Cappellae
836 338 1066 398 ablegatus
1085 337 1175 383 fuit
1195 370 1209 384 .
1249 340 1505 386 Antonium
1525 341 1702 400 joseph-i
1726 344 1928 390 Fratrem
1946 345 2205 392 ordinatum
2224 348 2355 395 fuisse
2375 382 2390 399 ,
2421 351 2533 410 quia

587 397 826 458 Episcopus
846 399 1071 459 ignoravit
1093 400 1235 457 ipsum
1261 400 1346 446 effe
1362 398 1612 448 obstetricis
1633 402 1867 466 Nepotem
1887 439 1900 457 ,
1934 405 2230 455 Materenim
2246 427 2302 457 eo
2319 422 2526 471 tempore

584 460 669 505 hoc
690 475 848 506 munus
886 475 974 504 non
995 463 1239 507 exercebat
1259 495 1268 504 .
1309 465 1420 509 Haec
1442 463 1684 525 Epi-scopus
1700 500 1713 519 ,
1755 469 1801 514 ὃς
1822 483 1878 514 ex
1899 468 2102 530 Episc0pi
2131 485 2287 518 mente
2317 478 2526 522 eamdem

582 522 832 577 rejectionis
862 521 1035 581 Josephi
1055 523 1232 569 causam
1253 527 1412 574 retulit
1432 525 1642 574 Nunci-us
1662 566 1674 577 .

517 584 739 642 Disputat
762 597 882 628 nnnc
901 596 1057 630 contra
1074 583 1229 647 Joseph
1247 623 1259 639 ,
1292 588 1379 635 fine
1396 587 1507 645 justa
1524 591 1656 638 causa
1676 593 1880 654 denegari
1899 607 1986 641 non
2006 594 2124 658 poffe
2143 595 2294 644 literas
2305 597 2522 645 dimisso·

577 646 741 693 riales:
780 645 915 701 hujus
931 650 1107 707 generis
1126 665 1230 696 eam
1249 665 1338 697 non
1363 650 1449 698 esse
1471 685 1486 702 ,
1524 657 1640 716 quod
1673 656 1761 715 ipse
1780 656 1905 702 iil-ius
1937 656 2024 710 fit,
2060 660 2102 704 &
2138 661 2524 717 neposobstetri-

574 722 677 755 cum
699 726 712 751 ε
745 707 887 755 Filios
903 724 991 756 non
1030 713 1190 759 matris
1206 748 1219 765 ,
1257 715 1330 760 sed
1347 713 1495 761 Patris
1526 717 1838 764 conditionem
1878 719 2005 780 sequi
2027 757 2040 774 ,
2076 721 2117 766 &
2139 719 2168 766 fi
2186 723 2336 770 matris
2355 725 2519 771 condi-

575 771 644 817 tio
661 769 875 832 sequenda
898 771 948 816 sit
966 808 978 825 ,
1016 772 1269 821 obstetricis
1292 777 1504 825 officium
1529 795 1675 840 neque
1691 781 1807 835 juris
1824 797 1971 842 neque
1992 781 2094 827 faeti
2116 780 2307 830 infamia
2335 790 2518 833 notari:

575 833 605 879 si
624 833 716 879 vile
739 835 800 880 est
815 833 1068 882 obstetricis
1086 837 1284 884 officium
1307 875 1318 894 ‚
1349 854 1441 885 non
1464 841 1548 887 efl'e
1567 841 1766 890 infame:
1805 843 1998 891 Infamia
2019 844 2110 891 sive
2126 845 2233 901 juris
2251 882 2264 900 ,
2299 845 2388 892 sive
2401 847 2519 896 sacili.

572 907 751 942 notatos
769 896 931 959 repelli
948 899 1006 942 >ab
1021 899 1276 946 Ordinibus
1292 935 1306 952 ,
1347 917 1434 947 non
1457 901 1572 949 viles
1593 938 1607 956 ,
1643 905 1746 967 quia
1766 907 1810 950 in
1830 906 2024 954 Ecclesia
2049 910 2141 954 Dei
2173 925 2264 955 non
2296 909 2514 969 spessatur

572 959 730 1005 vilitas
748 995 759 1010 ,
777 972 854 1004 aut
872 958 1079 1017 splendor
1097 962 1325 1010 natalium
1343 981 1357 1008 ε
1376 963 1653 1013 Obstetrices
1674 979 1771 1013 tum
1792 968 1838 1012 in
1857 969 2030 1029 legibus
2051 970 2360 1018 Romanorum
2379 1008 2392 1025 ,
2411 985 2511 1022 tum

571 1023 619 1069 in
640 1021 784 1067 Sacris
801 1021 1074 1068 canonibus
1096 1027 1343 1081 plurimum
1373 1027 1581 1075 aestimari
1596 1063 1610 1081 ,
1644 1044 1746 1076 cum
1763 1045 1917 1082 earum
1933 1033 2112 1086 judicio
2132 1035 2174 1080 in
2197 1033 2398 1094 pluribus
2412 1035 2507 1082 ,de-

569 1083 741 1130 feratur
759 1084 897 1130 etiam
930 1083 976 1130 in
1006 1085 1143 1132 causis
1163 1090 1560 1137 matrimoniorum
1587 1127 1598 1144 ,
1633 1107 1733 1152 quae
1763 1093 1968 1140 omnium
2001 1096 2264 1154 graviilimae
2295 1112 2506 1156 reputan-

569 1158 671 1192 tur:
709 1145 815 1192 hinc
833 1145 1101 1195 obstetrices
1120 1156 1302 1200 Medicae
1321 1165 1547 1202 vocantur
1567 1155 1612 1201 in
1631 1156 1731 1210 jure
1768 1157 1975 1202 Romano
1995 1161 2015 1209 ‚²
2044 1170 2093 1203 ut
2120 1158 2380 1214 observavit
2401 1170 2503 1208 Me-

563 1211 728 1257 rillius
746 1210 834 1256 tib.
852 1226 896 1270 ς.
923 1212 1104 1268 observ.
1123 1217 1233 1272 71η.
1257 1234 1352 1278 cap*
1382 1229 1453 1263 21.
1493 1219 1794 1278 Spernendam
1828 1216 1911 1264 effe
1939 1233 2172 1265 erroneam
2207 1223 2465 1283 opinionem
2485 1259 2500 1276 ,

563 1287 659 1334 quae
676 1272 734 1317 de
759 1271 858 1332 ipsis
891 1273 954 1321 est
976 1273 1020 1319 in
1042 1273 1256 1325 Civitate
1291 1279 1509 1333 Murciae,
1545 1297 1733 1343 quaeque
1749 1283 1801 1328 ad
1831 1295 1927 1327 rem
1955 1296 2044 1327 non
2077 1283 2304 1343 pertinet:
2346 1301 2448 1338 nam
2467 1285 2497 1337 fi

563 1332 824 1383 obstetrices
845 1335 1042 1396 Populus
1062 1339 1143 1385 ille
1161 1340 1280 1388 *vi-les
1303 1344 1453 1396 censet
1474 1378 1487 1396 ‚
1517 1359 1606 1393 non
1625 1358 1778 1394 tamen
1800 1360 1871 1391 eas
1907 1356 2086 1405 reputat
2113 1344 2333 1395 infames:
2367 1347 2502 1399 Con-

563 1397 849 1445 suetudinem
868 1398 953 1444 esse
975 1401 1126 1450 Csuriae
1148 1402 1431 1467 Episcopalis
1458 1440 1471 1456 ,
1505 1419 1553 1452 ut
1578 1409 1727 1463 nullus
1746 1406 2126 1469 finepraecedenti
2147 1407 2435 1471 inquisitione
2451 1412 2506 1457 ad

565 1460 764 1506 Ordines
783 1461 1056 1510 admittatur
1076 1499 1088 1515 ‚
1133 1466 1326 1531 ideoque
1361 1470 1652 1517 inverisimile
1691 1470 1872 1530 prorsus
1907 1469 1993 1516 esse
2008 1472 2081 1525 id,
2112 1474 2227 1531 quod
2259 1471 2423 1517 dicitur
2450 1473 2506 1518 de

568 1522 782 1583 ablega-to
802 1523 849 1570 in
867 1525 1062 1574 ruralem
1080 1527 1347 1590 Cappellam
1371 1548 1395 1578 a
1416 1531 1656 1583 Cardinali
1684 1531 1874 1593 Belluga
1894 1567 1906 1585 ,
1942 1534 1984 1587 δι
2003 1535 2057 1578 de
2076 1533 2283 1582 Antonio
2327 1533 2511 1595 Josephi

567 1586 726 1632 Fratre
751 1604 763 1631 ε
793 1587 937 1635 Sicuti
963 1589 1104 1650 igitur
1131 1606 1222 1638 non
1248 1595 1550 1657 dedignantur
1590 1595 1889 1648 Ecclesiastici
1919 1594 2139 1643 Civitatis
2171 1598 2508 1644 communicare

498 1670 501 1671 ⁷
565 1664 670 1696 cum
681 1648 842 1696 eodem
862 1653 1076 1705 Antonio
1095 1687 1109 1705 ‚
1127 1655 1194 1710 ita
1215 1671 1304 1704 non
1326 1659 1648 1718 dedignaturos
1665 1658 1996 1716 communicare
2020 1672 2122 1712 cum
2141 1659 2331 1720 Josepho
2353 1699 2358 1704 .
2377 1660 2510 1722 ,Qia

563 1727 677 1761 vero
692 1711 935 1774 Episcopus
951 1714 1110 1765 scribit
1125 1752 1139 1771 ‚
1165 1733 1217 1768 ur
1234 1755 1266 1775 ,,
1299 1719 1328 1766 si
1349 1722 1479 1770 Sacra
1500 1722 1812 1784 Congregatio
1828 1720 2077 1768 confideret
2092 1756 2106 1775 ,
2139 1739 2192 1770 ac
2213 1724 2404 1769 resolvat
2427 1729 2506 1771 hu-

563 1810 596 1831 „
632 1772 824 1831 jusmodi
845 1777 1096 1833 defectum,
1133 1797 1187 1829 ac
1207 1783 1578 1837 inconvenientia
1601 1822 1614 1839 ,
1651 1801 1745 1848 quse
1776 1782 1939 1843 exinde
1961 1784 2172 1841 resultare
2192 1787 2356 1847 poflim
2376 1821 2391 1839 ‚
2424 1787 2503 1840 Jo-

563 1873 596 1895 ‚,
632 1836 768 1898 sepho
782 1852 874 1886 non
894 1842 1062 1890 obstare
1080 1845 1165 1891 &c.
1181 1860 1369 1909 paratus
1386 1847 1449 1894 est
1469 1848 1781 1897 dimissoriales
1800 1845 2053 1893 necessarias
2078 1848 2134 1893 ad
2155 1849 2344 1908 primam
2361 1846 2501 1917 ”son—

564 1935 597 1955 „
630 1899 773 1948 suram
802 1902 855 1947 ad
873 1906 968 1961 ejus
992 1905 1194 1954 favorem
1213 1912 1435 1970 expedire
1456 1948 1469 1964 ‚
1504 1913 1546 1958 &
1566 1911 1895 1971 consequenter
1915 1913 2123 1956 eumdem
2141 1913 2357 1960 canonice
2375 1912 2502 1961 insti-

563 1999 598 2018 „
629 1974 757 2010 tuere
775 1961 822 2011 in
837 1965 1141 2028 ‚Cappellania
1162 2005 1192 2023 ‚,
1227 1973 1337 2025 ideo
1355 1990 1456 2021 cum
1472 1975 1625 2023 nullus
1648 1975 1697 2021 sit
1718 1977 1814 2031 ejus
1833 1971 2033 2021 defectus
2057 2006 2072 2025 ‚
2095 1974 2317 2035 nullaque
2347 1975 2500 2026 timeri

563 2029 755 2074 debeant
789 2027 1158 2084 inconvenientia
1178 2070 1190 2087 ,
1230 2037 1449 2097 supplicat
1475 2039 1633 2098 joseph
1667 2035 2032 2098 Eminentiffimis
2067 2036 2309 2098 Patribus,
2344 2049 2394 2087 ut
2410 2040 2500 2098 fiue-

562 2092 694 2140 bium
711 2124 725 2142 ,
754 2096 871 2150 quod
889 2094 1088 2157 sequitur
1106 2132 1119 2149 ,
1152 2097 1781 2164 secundumeum,definiant3

499 2161 579 2205 orn
587 2153 677 2212 sint
697 2159 974 2210 concedendae
992 2161 1257 2221 Dimiſj'oriae
1275 2166 1322 2211 in
1336 2167 1440 2225 ,casia
1469 2172 1569 2220 &a

867 2305 1029 2394 Die
1089 2311 1466 2402 Sabbathi
1509 2348 1630 2406 10.
1657 2317 1855 2413 Maii
1892 2345 2038 2430 175
2065 2347 2130 2429 5,.

487 2537 583 2650 E
608 2546 652 2584 X
669 2540 868 2603 quinque
900 2542 1152 2603 prioribus,
1178 2563 1285 2610 quas
1318 2550 1580 2604 subiicimns
1598 2587 1612 2606 ,
1636 2552 1789 2600 Caufis
1809 2553 1959 2615 prima
1997 2554 2265 2618 dilatione-m
2285 2547 2493 2604 obtinuit

556 2618 557 2622 ¹
622 2600 670 2648 in
689 2603 853 2652 ultima
870 2605 1255 2672 congregatione
1274 2613 1429 2661 habita
1449 2616 1522 2661 die
1546 2623 1617 2661 26.
1642 2616 1847 2664 transaffl
1869 2614 2025 2663 mensis
2062 2614 2248 2676 Aprilis
2273 2647 2289 2666 ‚
2318 2625 2490 2660 caeterae

536 2666 769 2728 propositae
790 2688 873 2718 non
888 2673 1078 2728 fuerunt
1095 2689 1110 2717 ε
1148 2673 1354 2736 Roga-tos
1374 2676 1525 2740 itaque
1545 2677 1762 2727 volumus
1781 2679 2155 2726 Eminentissimos
2190 2675 2339 2743 Patres
2354 2706 2370 2725 ,
2402 2685 2454 2721 111
2473 2706 2489 2727 2

540 2729 740 2790 repeti-ta
759 2729 952 2780 lectione
968 2734 1094 2783 Folii
1120 2736 1323 2793 ejusdem
1347 2740 1519 2789 ultimae
1537 2741 1930 2806 Congregationis
1949 2775 1964 2795 ,
1996 2758 2067 2790 eas
2084 2739 2327 2800 expediant
2349 2768 2362 2782 ·

331 2941 342 2955 ο
423 2942 435 2957 ·
606 2917 910 3028 JIXDRIENEN„
947 2924 1073 2973 SEU
1111 2924 1616 2978 VULTURARIEN.
1654 2930 2099 2983 DECIMARUM,
2126 2929 2256 2986 cujus
2270 2926 2367 2975 duo
2387 2925 2487 2976 sunt

671 2998 696 3027 u
737 2996 778 3030 ia
799 3019 812 3031 .

474 3038 513 3087 1.
547 3049 646 3094 An,
680 3052 737 3092 Θ*
755 3051 813 3092 ad
832 3063 965 3108 quem
981 3084 995 3102 ,
1022 3053 1106 3109 seu
1124 3056 1450 3117 qstosffie07ent
1469 3060 1662 3104 Decimae
1681 3055 1979 3114 exfrubZIbus
2001 3074 2100 3105 reco
2121 3058 2281 3117 lligen.
2318 3070 2375 3100 ex
2397 3058 2480 3101 Te-

728 3120 838 3154 nuta
858 3140 872 3158 2
889 3113 969 3165 seu
989 3116 1175 3172 Defensa
1202 3119 1341 3165 Valle
1358 3151 1373 3169 ‚
1398 3120 1479 3176 fi’f!
1497 3120 1543 3165 la
1565 3119 1697 3166 Valle
1718 3130 1974 3180 nuncupata
1990 3123 2036 3165 ²7²
2056 3121 2156 3177 casti
2177 3127 2275 3166 &⁶⁰
2298 3116 2355 3162 Et
2371 3129 2483 3176 ‘lua'

727 3181 854 3215 tenus
878 3171 1075 3232 spedtent
1093 3179 1146 3220 ad
1168 3178 1433 3238 Episcopum
1457 3179 1692 3232 Latiarem,
1715 3181 1757 3226 δι
1777 3181 1836 3226 ad
1854 3180 2044 3227 Clerum
2059 3179 2319 3227 Colli-storti
2337 3210 2353 3225 .

481 3226 548 3275 ΙΙ.
579 3238 657 3280 An
676 3233 817 3280 eidem
859 3234 1133 3288 restituendae
1154 3240 1246 3294 fint
1266 3246 1456 3288 Decimae
1478 3255 1567 3302 per
1589 3244 1848 3305 Episcopum
1885 3246 2233 3294 Vultum-iem,
2268 3251 2326 3290 (9⁹
2368 3241 2478 3287 cle-

727 3311 825 3340 rum
835 3297 1102 3353 saecularem
1136 3304 1300 3362 Oppidi
1324 3305 1526 3351 Celentiae
1537 3317 1764 3368 perceptae
1782 3305 1839 3352 ab
1859 3323 1972 3354 anno
1996 3312 2122 3361 1748.
2142 3307 2276 3367 usque
2296 3306 2479 3366 adprae·

715 3360 820 3415 sens
839 3362 884 3404 in
902 3363 1002 3420 casn
1020 3368 1118 3418 &a
1190 3374 1193 3375 ’

598 3479 673 3523 ,Ad
693 3479 726 3525 Ι.
765 3481 983 3532 Decimas
1007 3487 1205 3551 spediare
1226 3489 1278 3534 ad
1313 3487 1580 3550 Episcopum
1604 3490 1819 3541 Larinen.
1841 3529 1854 3548 ,
1886 3495 1928 3541 δι
1956 3493 2153 3549 Clerum
2187 3489 2486 3546 ⁴Collissorti,

538 3538 612 3596 ,Λᾶ
634 3538 691 3589 ll.
710 3541 804 3599 Effe
829 3547 1122 3598 restituendas
1141 3568 1166 3607 a
1184 3551 1255 3609 die
1278 3564 1410 3601 motae
1440 3553 1535 3600 liti-s
1555 3591 1566 3602 .

2265 3741 2422 3790 'IUS-
