2571 3961
1556 263 1559 265 ,
1798 221 1855 264 ¹7

45 271 524 326 &Otttnssmtfim
567 269 1046 324 EXEMPTIONIS
1085 269 1473 324 SEMINARII:
1515 269 1649 320 Cum
1692 270 1740 322 in
1761 272 1848 321 (Ξῖ.

0 290 103 399 (A
146 346 338 400 vitate,
371 346 418 394 ἃ
452 341 671 401 Dioeccfi
706 340 1064 393 Colimbrienfi
1087 343 1316 393 nondum
1359 335 1590 393 fundari,
1629 340 1854 405 erigique

67 413 451 480 potuiffitjuxta
472 410 762 464 Tridentini
803 408 1182 476 dispositionem
1210 408 1633 462 Adolescentium
1673 409 1849 459 Colle·

67 485 208 550 gium
227 523 243 547 ‚
281 483 447 533 statuit
468 516 481 538 ‚
520 479 758 543 quintine
778 480 1007 532 Ecclesiae
1025 479 1103 531 illi
1126 483 1291 543 praeest
1311 513 1326 535 ‚
1366 476 1627 544 Episcopus
1655 495 1745 530 aere
1769 475 1854 529 suo

67 552 257 621 grande
276 568 397 616 opus
416 551 476 601 ad
499 551 688 598 exitum
731 549 1011 610 perducere
1037 586 1052 601 .
1092 550 1229 618 Qia
1266 549 1392 598 vero
1435 544 1624 598 fabrica
1648 582 1661 602 ‚
1701 564 1852 612 quam

71 623 408 676 meditabatur
431 654 444 676 ,
478 615 738 682 Collegii‚
773 619 818 668 ἃ
855 618 1083 669 Ecclefiae
1115 617 1325 683 publicae
1370 616 1540 667 eidem
1577 616 1853 674 adjunetm

70 710 172 746 non
196 689 359 742 solnm
381 689 628 739 immanes
652 681 899 749 impensas
919 720 933 745 ‚
969 685 1050 738 sed
1076 688 1235 738 etiam
1274 682 1489 750 longum
1533 696 1732 749 tempus
1767 701 1853 737 re-

20 795 30 805 ,
74 763 299 829 q'uirebat
335 793 350 814 ‚
413 758 530 820 ideo
565 768 616 806 ut
649 753 857 807 interim
889 754 1233 808 adolescentes
1268 752 1453 818 aliquid
1490 754 1795 817 proficerent
1834 790 1849 813 ‚

73 833 197 885 aedes
218 827 457 882 conduxit
483 827 611 876 intra
634 823 921 876 Civitatem
941 864 958 889 ‚
986 828 1033 878 in
1057 827 1235 890 quibus
1257 824 1450 876 alumni
1476 825 1810 876 retinebantur
1832 863 1848 887 ,

72 901 118 953 8(
138 918 163 952 a
183 896 491 951 saecularibus
530 894 770 954 magistris
811 895 1169 946 erudiebantur
1193 930 1208 944 .
1240 893 1394 948 AEdes
1435 896 1506 944 hae
1530 893 1847 946 conduetittae

72 968 271 1023 suerunt
296 964 511 1028 primum
540 966 586 1014 in
614 962 854 1015 Parochia
876 965 934 1014 S.
951 965 1157 1031 Jocmnis
1178 998 1191 1020 ‚
1235 965 1346 1016 inde
1384 964 1434 1015 in
1457 962 1694 1015 Parochia
1712 967 1844 1014 San-

81 1042 140 1090 ἴίι·
160 1038 402 1088 Martini:
437 1033 836 1085 Statuitdemum
862 1032 1132 1098 Episcopus
1165 1033 1339 1086 locum
1375 1044 1572 1086 certum
1603 1030 1846 1086 fundandi

70 1104 402 1161 Seminarium
421 1113 554 1154 extra
576 1104 742 1153 menia
759 1103 995 1157 Civitatis
1034 1105 1163 1155 intra
1198 1104 1389 1157 limites
1435 1100 1763 1170 Collegiatae,
1800 1100 1847 1152 &

73 1171 378 1228 parochialis
400 1172 626 1224 Ecclesiae
645 1174 701 1223 S.
717 1173 860 1223 Petri
878 1211 893 1236 ‚
912 1176 970 1226 ad
991 1190 1142 1239 quam
1167 1172 1321 1226 etiam
1340 1173 1620 1239 pertinebat
1643 1169 1847 1229 fundus,

68 1260 218 1311 quem
240 1241 481 1295 conduxit
499 1242 763 1296 contraf‘m
782 1245 1117 1311 emphyteusis
1136 1257 1380 1308 perpetuae
1398 1278 1412 1293 .
1435 1243 1627 1294 Statura
1647 1255 1846 1305 quoque

71 1316 194 1366 novi
216 1311 478 1367 seminarii
500 1311 718 1365 condere
739 1312 891 1375 coepit
914 1351 930 1375 ‚
969 1330 1073 1375 quae
1109 1314 1458 1379 Sacratiffimus
1478 1314 1705 1379 Princeps
1729 1309 1849 1359 No-

62 1385 163 1455 ster
208 1382 368 1433 literis
409 1376 502 1433 suis
547 1381 847 1447 ApostolICis
881 1382 929 1433 in
970 1379 1135 1436 forma
1153 1383 1324 1436 Brevis
1343 1382 1698 1440 confirmavit,
1734 1379 1848 1430 data

72 1447 320 1519 Episcopo
354 1454 594 1515 potestate
632 1451 877 1514 addendi,
916 1452 1180 1512 mutandi,
1216 1451 1537 1518 corrigendi,
1573 1463 1721 1516 prout
1760 1448 1848 1512 ipsi

74 1522 331 1591 optimum
354 1518 510 1573 visum
534 1519 693 1573 fuiffet
713 1557 726 1572 .
771 1520 913 1588 Cum·
929 1535 1101 1576 autem
1123 1519 1378 1574 saeculares
1397 1522 1615 1588 magistri
1638 1555 1651 1577 ‚
1667 1519 1847 1584 quibus

74 1595 124 1646 in
146 1589 462 1645 condut‘litiis
486 1591 666 1642 cedibus
689 1591 748 1641 ad
767 1590 1071 1646 erudiendos
1104 1608 1279 1657 pueros
1301 1593 1527 1644 utebatur
1547 1588 1815 1654 Episcopus
1833 1617 1851 1646 2

77 1662 158 1716 vel
178 1678 276 1715 non
298 1657 805 1713 facileinvenirentur
827 1695 839 1717 ‚
873 1661 952 1712 vel
972 1660 1117 1716 facile
1158 1659 1506 1719 discederent,
1538 1658 1731 1712 censuit
1772 1655 1849 1708 sa-

75 1732 288 1786 tius-esse
326 1727 568 1784 advocaie
610 1732 722 1781 Fios
742 1733 995 1798 operarios
1026 1732 1452 1798 congregationis
1478 1728 1811 1795 Aragonensls
1835 1761 1852 1786 ,

77 1817 296 1870 quorum
335 1802 612 1853 institutum
652 1802 792 1851 idem
838 1805 905 1854 est
938 1819 1058 1855 cum
1094 1820 1158 1854 eo
1177 1802 1382 1853 Patrum
1407 1803 1809 1866 Miffionariorum
1836 1830 1853 1856 ,

77 1872 361 1934 eorumque
397 1872 796 1937 Congregationi
836 1889 1025 1924 novum
1043 1871 1382 1938 Seminarium
1408 1881 1648 1934 perpetuo
1675 1870 1814 1920 unire
1835 1902 1852 1918 .

77 1943 242 1995 Utens
259 1939 415 2006 igitur
435 1938 676 1993 facultate
695 1942 805 1992 data
823 1958 849 1993 a
865 1944 1152 2008 Sanfiliffimo
1174 1942 1372 1993 Domino
1394 1940 1570 2007 Nostro
1608 1954 1738 1990 nova.
1757 1938 1848 1987 sta-

77 2024 179 2062 tuta
198 2009 424 2062 condidit
446 2045 459 2069 ,
474 2040 482 2055 a
498 2011 545 2060 in
569 2011 748 2076 quibus
768 2012 1108 2065 Seminarium
1130 2011 1299 2063 eidem
1320 2008 1711 2075 Congregationi
1735 2007 1849 2056 Pio-

78 2100 183 2135 rum
204 2082 542 2146 Operariorum
566 2082 808 2146 perpetuo
828 2083 988 2136 univit
1011 2116 1025 2139 ‚
1057 2082 1103 2134 δι
1123 2080 1248 2133 illud
1268 2080 1455 2131 exemit
1473 2074 1850 2143 ajurisdietione

80 2150 327 2217 Parochl,
360 2148 664 2218 subjecitque
705 2149 901 2203 Re&ori
939 2163 1047 2203 tum
1089 2152 1136 2202 in
1172 2150 1571 2214 adimpleme'nto
1611 2141 1853 2200 paschalis

80 2221 346 2286 praecepti,
382 2219 515 2286 quod
547 2224 594 2272 in
638 2220 857 2273 Ecclesia
892 2219 1085 2284 publica
1123 2218 1386 2272 Seminarii
1410 2215 1605 2282 impleri
1645 2215 1851 2275 voluit,

81 2301 192 2343 tum
229 2291 279 2340 in
311 2290 731 2343 administratione
766 2290 1209 2343 Sacramentorum
1247 2287 1558 2340 infirmitatis
1582 2298 1855 2351 tempore,

81 2371 190 2412 tum
214 2359 261 2409 in
279 2355 532 2425 sepultura
550 2360 903 2414 decedentium
930 2395 943 2417 ,
967 2376 1070 2424 quae
1090 2358 1176 2412 nisi
1201 2358 1320 2408 alibi
1341 2356 1494 2409 eletsta
1513 2353 1676 2408 fuisset
1696 2390 1710 2413 ‚
1747 2364 1856 2404 tra-

19 2467 25 2471 ·
80 2429 130 2481 di
156 2429 316 2480 voluit
336 2430 383 2482 in
409 2431 622 2484 Ecclesia
642 2428 837 2496 publica
857 2426 1070 2492 ejusdem
1090 2425 1352 2479 Seminarii
1370 2463 1385 2477 .
1416 2426 1536 2478 Haec
1554 2441 1684 2476 nova
1705 2426 1856 2474 statu-

83 2510 164 2555 ta,
196 2510 344 2563 atque
362 2500 602 2553 unionem
627 2498 889 2551 Seminarii
919 2497 1322 2563 Congregattioni
1360 2495 1553 2549 Piorum
1589 2495 1852 2561 Operario-

83 2586 190 2621 ram
218 2572 362 2620 novis
398 2569 583 2622 Litetis
625 2567 924 2633 Apostolicis
967 2567 1322 2626 confirmavit,
1357 2568 1683 2631 probavitque
1718 2563 1855 2613 San·

84 2639 293 2703 fiiffimus
313 2638 544 2690 Dominus
562 2641 734 2706 Noster
750 2676 765 2698 ‚
803 2635 1122 2703 perfestoque
1142 2637 1351 2687 demum
1377 2650 1528 2702 opere
1550 2630 1813 2686 Seminarii
1836 2666 1856 2692 ,

82 2708 126 2760 8<
149 2707 373 2760 Ecclefiae
393 2747 407 2771 ‚
444 2721 670 2775 apertum
694 2706 788 2762 fuit
824 2723 1020 2760 novum
1040 2705 1332 2774 Collegium
1352 2740 1366 2768 ,
1404 2702 1580 2773 quoda
1596 2703 1706 2754 Piis
1724 2704 1853 2769 Ope-

81 2780 226 2831 rariis
245 2778 541 2832 moderatur
561 2817 576 2833 .
853 2838 857 2843 ,

17 2847 369 2913 Exemptiones
400 2849 509 2902 illas
539 2851 668 2915 aegre
703 2849 868 2900 ferens
903 2847 1045 2900 Prior
1079 2847 1376 2914 Colleg-jatae
1408 2880 1423 2904 ‚
1466 2847 1514 2900 ὃς
1548 2837 1854 2917 parochialis

84 2918 311 2970 Ecclefiae
324 2919 371 2969 S.
392 2918 528 2970 Petri
548 2920 665 2970 adiit
681 2917 904 2973 Judicem
922 2916 1156 2971 Civitatis
1178 2954 1190 2976 ,
1228 2917 1472 2983 petiitque
1504 2922 1855 2968 manutentio-

82 2984 571 3051 neminpoffeffione
585 2989 775 3044 Jurium
801 2988 1169 3042 Parochialium
1205 2989 1251 3039 in
1273 2986 1557 3037 Seminario
1582 3019 1596 3038 ,
1638 2981 1716 3032 sed
1752 2979 1855 3056 Re-

82 3054 190 3109 &or
206 3055 451 3121 judicium
474 3057 724 3111 declinans
745 3057 977 3111 libellum
999 3058 1183 3112 obtulit
1216 3059 1368 3109 Sacro
1403 3057 1520 3108 huic
1551 3047 1817 3105 Tribunalt
1838 3080 1855 3104 ⁹

86 3143 115 3179 a
148 3142 249 3192 quo
285 3126 512 3188 auditus,
550 3139 603 3181 ut
636 3127 743 3187 fueri
781 3128 902 3179 solet
926 3164 939 3187 ‚
977 3127 1243 3194 Episcopus
1276 3163 1290 3185 ‚
1318 3124 1407 3179 hic
1442 3127 1487 3178 8(
1519 3121 1853 3188 allegationes

85 3195 300 3254 Parochi
321 3230 337 3256 ‚
375 3198 424 3250 &
445 3194 673 3265 responsa
695 3197 922 3250 Reffloris
960 3200 1231 3265 adjungens
1265 3195 1558 3249 sententiam
1582 3191 1718 3244 suam
1737 3201 1858 3252 ape-

88 3264 148 3317 rit
167 3271 256 3332 pt'o
273 3265 664 3321 confirmatione
680 3267 1014 3334 exemptionis
1032 3306 1047 3321 .
1076 3264 1232 3322 Causa
1254 3268 1418 3332 itaque
1438 3263 1771 3332 proponitur,
1804 3255 1855 3305 &L

89 3333 305 3401 disputat
324 3335 579 3391 Parochus
600 3353 669 3391 ex»
677 3338 795 3402 juris
815 3334 1135 3404 dispositione
1156 3338 1368 3389 liberum
1403 3336 1488 3388 fibi
1529 3333 1624 3384 esse
1660 3338 1856 3406 exeret-

86 3403 215 3456 tium
231 3402 432 3459 affluum
450 3406 682 3460 omnium
706 3441 720 3467 ‚
752 3406 1132 3463 &funftionum
1172 3405 1539 3460 Parochialium
1579 3402 1630 3451 in
1663 3387 1860 3473 qutbps-

94 3474 900 3539 cumquelocisintraParochiam
919 3475 1057 3531 suam
1076 3477 1208 3536 fitis,
1249 3476 1291 3529 8(
1312 3479 1361 3528 in
1382 3470 1599 3540 personis
1633 3484 1746 3520 eam
1782 3475 1858 3517 me

94 3540 374 3599 colentibus
394 3580 408 3602 ‚
441 3546 653 3616 ideoque
672 3563 774 3600 non
789 3543 998 3615 potuisse
1031 3543 1331 3614 Episcopum
1361 3540 1740 3611 exemptionem
1777 3534 1862 3585 Se·

167 3611 483 3679 Tom.XXVI.
1178 3614 1224 3668 C
1705 3607 1872 3665 minaff

1907 268 2037 319 Sefi.6.
2050 285 2156 324 cap.5‘
2166 298 2177 309 .

1909 325 2042 371 διψῇ.
2061 327 2189 375 cap.8·

1907 486 1952 519 δ’
2002 483 2090 531 Ser·
2125 491 2188 522 24.

1906 548 1940 574 c.
1959 536 2019 573 18·
2047 536 2093 573 de
2112 529 2189 580 νώ
