2571 3961
560 118 617 219 ἴ)
635 164 683 212 su
712 165 849 218 &c.,‚
883 162 1226 225 Responderunt
1246 159 1585 208 Eminentiffimi
1607 163 1795 208 Patres:
1829 161 1907 210 Aa
1935 167 1968 208 I.
2003 161 2321 222 affirmatio-er
2342 167 2419 214 Ad
2448 173 2505 214 II.

563 231 811 283 Provisum
833 232 878 274 in
891 235 1040 286 primo
1060 258 1075 271 .
1112 226 1318 270 Redeunt
1338 224 1486 284 itaque
1509 226 1607 272 duae
1627 221 1875 272 Franciseae
1893 258 1909 277 ‚
1933 226 1984 272 ¹&
2005 224 2200 275 Roccius
2237 231 2290 276 ad
2324 245 2500 278 novum

558 290 677 336 Sacri
698 290 828 344 huius
859 288 1118 334 Tribunalis
1140 287 1353 341 iudicium
1372 320 1384 337 ‚
1420 288 1459 332 ez
1484 285 1838 346 respondendum
1856 284 1919 334 est
1936 317 1950 331 .

509 352 844 408 Anfitstandum
864 387 880 404 ,
912 353 992 398 vel
1012 353 1298 401 recedendum
1316 365 1340 392 cz
1361 350 1512 406 decists
1533 353 1579 397 in
1599 351 1699 408 casu
1716 355 1820 400 ἅτ.

623 475 731 522 Non
746 472 965 535 proposita
981 509 993 521 .

659 597 861 644 ONTIS
883 599 1039 646 ALTl
1068 599 1496 651 EXPENSARUM
1519 621 1528 647 ε
1554 603 1685 650 Duas
1700 599 1916 649 extribus
1936 599 2143 662 partibus
2159 601 2497 665 bonorumnuae

127 663 303 722 Seffizci.
321 676 362 705 c·
387 673 456 705 12.
679 662 719 706 ei
738 662 1021 710 obvenerant
1041 665 1137 720 jure
1160 662 1433 712 sueceffionis
1451 666 1496 712 {n
1517 664 1776 713 haereditate
1793 661 1858 709 sui
1885 662 1968 713 filii
1992 664 2216 714 Mercurii
2239 664 2498 726 Angeleni,

98 729 147 776 de
166 726 261 786 Res.
552 731 594 769 &z
626 725 827 784 germani
853 723 999 773 fratris
1025 728 1250 788 Alpbonli
1274 730 1401 776 Lucii
1424 745 1541 776 anno
1579 731 1709 776 1670.
1748 727 1935 775 donavit
1980 727 2227 776 Volumnia
2260 727 2500 789 Angeletti

549 787 832 845 Collegiatae
852 790 1048 837 Ecclesiae
1073 792 1234 837 Terrae
1258 791 1404 837 Fortii
1426 827 1438 844 ‚
1475 804 1524 838 ut
1545 807 1600 838 ex
1632 789 1786 837 iisdem
1825 792 1950 838 bonis
1980 794 2232 850 erigeretur
2262 789 2310 836 in
2343 789 2500 838 eadem

552 849 751 913 Ecclesia
773 851 1009 898 Praebenda
1026 852 1356 901 Canonicalis..
1394 854 1592 901 Primum
1611 867 1725 900 vero
1740 852 2029 902 Canonicum
2057 853 2192 915 elegit
2213 851 2502 900 Franciscum

547 910 837 959 Pascuccium
856 916 951 969 ejus
975 929 1183 974 nepotem
1207 952 1219 969 ‚
1248 932 1396 978 eoque
1418 916 1647 965 recusante
1686 917 1757 961 vel
1792 915 2048 965 decedente
2067 953 2079 970 ,
2116 915 2347 963 substituit
2389 914 2506 964 alios

551 974 730 1021 suarum
752 974 948 1022 filiarum
972 975 1120 1030 filios,
1151 980 1359 1042 atqueita
1379 979 1542 1027 servari
1564 979 1744 1029 voluit,
1782 978 2044 1036 durantibus
2064 979 2196 1026 lineis
2233 978 2410 1024 suarum
2443 973 2505 1023 fi-

556 1037 746 1091 liarum,
788 1039 950 1100 quibus
980 1040 1162 1088 defectis
1182 1078 1194 1096 ,
1227 1043 1492 1090 electionem
1528 1040 1688 1089 tribuit
1724 1040 1942 1100 Capitulo
1964 1045 2006 1090 &
2026 1035 2278 1092 Carionicis
2298 1041 2504 1096 eiusdem

555 1099 829 1162 Collegiatae
851 1136 864 1154 ,
905 1103 1072 1152 ultimo
1086 1118 1242 1153 autern
1258 1107 1434 1154 exsiliis
1453 1105 1630 1153 suarum
1659 1101 1854 1150 filiarum
1895 1106 2146 1155 decedente
2167 1139 2180 1158 ³
2215 1103 2356 1151 alium
2388 1103 2504 1166 erigi

553 1163 1050 1213 voluitCanonicatum
1072 1185 1127 1215 ex
1151 1168 1305 1216 iisdem
1338 1170 1466 1218 bonis
1505 1170 1548 1216 in
1586 1168 1741 1214 eadem
1776 1167 2005 1225 Ecclesia.
2042 1165 2343 1215 Testamento
2365 1200 2378 1219 ,
2406 1182 2504 1229 quo

553 1225 663 1275 inde
681 1226 857 1273 decessit
877 1229 1031 1275 eadem
1050 1232 1297 1279 Volumnia
1324 1268 1336 1286 ‚
1361 1232 1595 1281 ‘haeredem
1613 1228 1781 1291 scripsit
1800 1229 1972 1279 Lucam
1988 1232 2137 1280 filium
2156 1265 2171 1283 ‚
2203 1227 2279 1290 qui
2298 1244 2402 1277 cum
2421 1245 2521 1276 ne-.

553 1286 750 1350 gligeret
768 1289 930 1337 Matris
951 1292 1240 1341 donationem
1257 1296 1446 1357 exequi,
1474 1295 1681 1343 causatus
1697 1308 1797 1339 eam
1833 1292 1919 1341 esse
1937 1296 2113 1343 nullam
2130 1329 2145 1348 ‚
2178 1293 2357 1340 coaetus
2393 1305 2502 1341 tan-

552 1356 652 1397 dem
669 1350 755 1400 fuit
775 1352 997 1401 sententia
1022 1357 1111 1404 lata
1127 1374 1152 1404 a
1169 1357 1493 1406 Commissario
1514 1357 1632 1406 Rev.
1655 1357 1856 1403 Fabricae
1874 1392 1888 1409 ,
1919 1360 1999 1420 qui
2018 1373 2117 1405 eam
2139 1354 2334 1404 validam
2354 1356 2508 1403 decla-

558 1416 703 1460 ravit.
748 1417 820 1462 Ab
840 1418 920 1464 hac
938 1418 1153 1467 sententia
1167 1423 1422 1481 appellavit
1448 1422 1592 1470 Lucas
1618 1459 1629 1473 ‚
1657 1418 1729 1466 sed
1747 1420 1881 1481 paulo
1900 1420 2054 1481 postea
2086 1417 2268 1468 deceflit
2287 1451 2299 1469 ,
2321 1417 2508 1479 scriptis

556 1477 807 1525 heredibus
829 1479 907 1526 ΡΙ).
933 1481 1336 1531 Conventualibus
1355 1485 1553 1540 eiusdem
1586 1483 1743 1531 Terree
1779 1481 1951 1531 Fortiii
1974 1519 1988 1537 ‚
2023 1482 2101 1546 qui
2118 1479 2297 1530 causam
2317 1481 2505 1543 Appel-

556 1540 744 1587 lationis
762 1542 929 1589 summa
952 1546 1198 1594 animorum
1217 1548 1509 1595 contentione
1526 1546 1787 1609 prosequuti
1821 1544 1921 1594 sunt
1939 1581 1954 1599 ,
1983 1542 2375 1610 cognoscentibus
2395 1558 2509 1604 qua·

556 1614 660 1669 tuor
677 1603 912 1658 judicibus
934 1642 946 1661 ,
977 1607 1158 1670 ipsaque
1175 1611 1541 1671 Congregatione
1560 1611 1682 1659 Rev.
1709 1608 1914 1657 Fabricae
1933 1645 1946 1663 ‚
1979 1611 2022 1658 ὅ(
2054 1609 2241 1657 tandem
2265 1607 2393 1654 vietis
2430 1606 2511 1655 Pa·
2544 1628 2548 1637 ·

555 1666 701 1713 tribus
720 1665 1118 1720 conventualibus
1138 1709 1151 1726 ,
1182 1674 1338 1735 exequi
1363 1675 1510 1735 potuit
1526 1674 1711 1722 donatio
1750 1671 2007 1721 Volumnia:
2036 1673 2263 1720 ereetione
2301 1669 2511 1726 Canoni-

515 1753 528 1772 κ
558 1739 687 1775 catus
739 1727 960 1791 Impensas
979 1734 1208 1783 *diuturnae
1227 1738 1359 1793 huius
1377 1738 1472 1784 litis
1497 1738 1631 1784 subiit
1651 1733 1915 1784 canonicus
1938 1736 2197 1784 Franciscus
2214 1731 2505 1786 PascucOEUS,

558 1807 708 1852 eaeque
728 1792 961 1842 ascendere
977 1799 1189 1846 dicuntur
1218 1802 1269 1846 ad
1291 1801 1514 1854 scut-723.
1532 1806 1606 1846 80.
1622 1837 1634 1854 ,
1671 1814 1867 1863 quorum
1885 1815 1986 1862 pars
2022 1799 2217 1848 maxima
2242 1796 2286 1843 in
2324 1795 2512 1842 dubium

561 1856 763 1923 revocari
784 1873 876 1905 non
896 1861 1035 1914 potest
1054 1897 1066 1915 ,
1095 1877 1198 1909 cum
1215 1863 1464 1910 certiffimis
1482 1864 1695 1923 probetur
1713 1863 2006 1910 monimentis
2023 1895 2038 1910 .
2078 1860 2174 1910 Post
2196 1860 2391 1926 ereetum
2411 1861 2512 1906 Ca·
2563 1902 2571 1907 ,.

560 1932 829 1984 nonicatum
864 1921 1063 1970 Camilla
1096 1924 1377 1988 Evangelisti
1414 1927 1567 1973 Nuru5
1608 1925 1871 1973 volumniae
1899 1925 2346 1988 tradiditCanomco
2366 1922 2509 1970 Fran·

564 1979 682 2026 cisso
701 1981 909 2032 Pascucci
931 1985 1096 2035 summa
1114 1987 1221 2036 scut.
1244 2003 1295 2042 23
1312 2004 1347 2043 ς.
1366 2023 1380 2043 ‚
1397 2004 1494 2050 quae
1511 1989 1754 2047 provenire
1771 1988 1987 2035 dicuntur
2003 2005 2027 2035 a
2053 1990 2302 2035 Volumnia
2319 2019 2331 2038 ‚
2357 1996 2406 2032 ut
2429 2000 2507 2046 pa·-

564 2043 675 2090 riter
693 2061 741 2091 ea
764 2048 977 2106 accepisse
994 2050 1172 2099 dieitur
1192 2053 1368 2109 publico
1389 2052 1691 2099 Instrumento
1711 2089 1723 2105 ‚
1759 2050 1878 2113 quod
1906 2066 1997 2099 non
2036 2052 2238 2101 vidimus
2259 2083 2274 2102 ,
2303 2046 2527 2097 Carioni*-

565 2121 664 2152 cum
686 2108 971 2160 Pascuccium
990 2149 1001 2166 ,
1045 2115 1240 2163 unienda
1264 2115 1399 2163 alteri
1418 2114 1725 2163 Canonicatui
1749 2154 1760 2164 .
2525 2139 2527 2141 ·

496 2164 617 2214 Cum
639 2183 790 2217 autem
810 2176 1049 2229 pecuniam
1073 2180 1185 2225 hanc
1203 2179 1462 2228 Canonicus
1485 2178 1744 2226 Pascuccius
1767 2176 1811 2225 in
1831 2177 2015 2226 fundum
2033 2179 2143 2226 novi
2163 2174 2476 2225 Canonicatut
2497 2209 2514 2231 ‚

560 2247 695 2291 quem
722 2245 873 2283 tamen
895 2274 907 2291 ‚
941 2239 1117 2287 dimiss'o
1149 2242 1291 2297 primo
1314 2277 1324 2291 ‚
1347 2243 1520 2301 accepit
1541 2277 1552 2293 ‚
1593 2257 1836 2302 numquam
1865 2243 2123 2304 erogaverit
2145 2277 2160 2295 ‚
2187 2253 2333 2302 neque
2361 2238 2409 2287 id
2443 2237 2509 2288 fa·

556 2297 674 2342 Ctum
696 2295 838 2346 fuerit
855 2335 868 2352 ,
899 2317 954 2348 eo
969 2302 1177 2350 defuneto
1197 2340 1209 2358 ‚
1240 2307 1293 2351 ab
1312 2305 1482 2352 haerede
1501 2340 1515 2358 ,
1543 2304 1808 2352 Canonicus
1833 2304 2060 2353 Paschalis
2094 2302 2345 2365 Rampazzi
2370 2336 2385 2356 2
2427 2301 2511 2367 qui

560 2357 800 2406 secundum
822 2363 942 2411 hunc
959 2367 1298 2416 ‘Canonicatum
1319 2367 1516 2427 possidet.
1541 2368 1588 2414 in
1604 2369 1679 2424 ‚lus
1696 2369 1879 2416 vocavit
1898 2370 2114 2423 Joannem
2136 2366 2380 2428 Baptistam
2423 2367 2513 2413 Pa-

568 2421 794 2469 scuccium
812 2426 1035 2478 Canonici
1060 2430 1281 2478 Francisci
1303 2431 1523 2478 haeredem
1540 2465 1554 2483 ,
1581 2444 1630 2477 ut
1647 2431 1861 2479 summam
1880 2433 2002 2478 illam
2022 2447 2154 2480 unam
2171 2446 2274 2478 cum
2291 2428 2515 2477 fiuctibus

566 2484 761 2532 decursis
781 2489 837 2534 ab
855 2505 973 2539 anno
1001 2507 1122 2550 ¹729-
1145 2493 1351 2542 solveret
1371 2531 1380 2542 .
1416 2493 1639 2556 Confugit
1658 2497 1850 2549 ⁸loannes
1870 2493 2063 2553 Baptista
2077 2497 2130 2542 ad
2146 2496 2228 2542 hoc
2250 2495 2371 2540 Sacr.
2395 2491 2514 2543 Tri-

567 2546 707 2594 bunal
725 2552 954 2619 excipiens
972 2559 1026 2602 de
1045 2559 1301 2604 retentione
1321 2593 1335 2610 ,
1363 2559 1471 2618 quia
1489 2593 1501 2611 ,
1542 2572 1643 2604 cum
1659 2556 1896 2605 defunctus
1915 2557 2178 2606 Canonicus
2212 2555 2423 2604 Creditor
2439 2555 2512 2604 es-

560 2609 628 2656 set
646 2613 703 2657 ob
723 2617 943 2671 impensas
961 2619 1185 2667 diuturnae
1204 2621 1297 2667 litis
1314 2655 1327 2673 ‚
1361 2621 1479 2671 redte
1497 2620 1705 2684 potuerit
1722 2622 2026 2682 compensare
2047 2622 2131 2669 illa
2153 2621 2378 2672 scut-235·
2407 2633 2527 2667 cum-

555 2672 636 2719 sUO
668 2676 878 2732 credito,
913 2681 1094 2740 poscens
1134 2681 1263 2729 simul
1295 2681 1462 2745 reliqui
1497 2683 1656 2737 crediti
1690 2681 1999 2732 solutionem.
2034 2685 2235 2733 Auditus
2268 2679 2510 2745 Episcopus

554 2749 712 2806 contra
727 2738 1046 2805 J03l52ptisiam
1067 2746 1300 2806 respondit
1319 2781 1332 2798 ‚
1362 2757 1458 2792 tum
1477 2748 1580 2808 quia
1594 2746 1858 2795 Canonicus
1879 2747 2137 2796 Pascuccius
2175 2743 2353 2793 causam
2384 2743 2507 2792 suam
2522 2785 2532 2789 .,

554 2814 701 2866 egerit
720 2814 890 2851 ratione
915 2805 1178 2855 patronatus
1197 2844 1209 2860 ,
1230 2822 1326 2856 tum
1344 2810 1448 2870 quia
1469 2811 1546 2857 has
1567 2807 1785 2871 impensas
1802 2825 2042 2872 numquam
2058 2809 2246 2871 repetiit
2264 2842 2282 2860 ,
2318 2819 2414 2854 tum
2431 2809 2508 2854 de·

555 2875 691 2922 nique
708 2865 811 2933 quia
833 2870 891 2914 ad
911 2870 989 2916 has
1019 2870 1242 2934 impensas
1259 2871 1344 2918 sese
1358 2871 1520 2931 scripta
1538 2872 1786 2934 syngrapha
1803 2874 2058 2933 obligatum
2074 2872 2275 2919 voluerit
2295 2870 2502 2934 Angelus

562 2924 801 2973 Antonius
823 2931 1078 2980 Pascuccius
1105 2934 1333 2981 Canonici
1351 2932 1494 2981 frater
1514 2966 1528 2980 .
1562 2934 1711 2982 Causa
1729 2950 1848 2983 nunc
1882 2934 2148 2995 proponitur
2166 2970 2180 2989 ,
2216 2935 2258 2981 δι
2295 2932 2520 2981 Εεηοηίν,.

566 2999 644 3052 cu?
665 2986 914 3059 Rampazzi
934 3030 946 3047 ‚
971 2997 1076 3043 dato
1095 2997 1226 3044 nobis
1247 2996 1504 3044 breviffimo
1524 2998 1681 3044 libello
1704 3032 1718 3051 ,
1752 2999 1905 3044 eadem
1923 2998 2164 3061 exequitur
2185 3032 2199 3050 ,
2232 3013 2329 3059 quae
2366 2997 2497 3042 habet

560 3046 799 3116 Episcopus
819 3068 861 3100 1n
887 3057 1078 3115 Epistola
1097 3061 1147 3105 ad
1169 3059 1254 3108 hoc
1274 3062 1452 3107 Sacrum
1476 3060 1702 3107 Tribunal
1725 3093 1736 3103 .
1768 3059 1947 3106 Contra
1968 3060 2231 3108 Pascuccius
2251 3075 2344 3107 non
2393 3071 2501 3115 pro·

555 3108 658 3177 bari
673 3127 697 3155 a
716 3113 996 3175 Rampazzio
1018 3121 1098 3167 illa
1118 3123 1228 3169 scut.
1250 3135 1351 3182 235⁶.
1373 3122 1541 3169 tradita
1559 3139 1583 3169 a
1601 3121 1802 3168 Camilla
1823 3120 1945 3168 fuiffe
1982 3121 2260 3172 haereditaria
2299 3119 2497 3169 Volum-

557 3186 643 3218 1112‘2
662 3207 675 3224 ³
710 3178 750 3219 ὅ(
770 3176 878 3224 data
896 3216 908 3234 ,
943 3184 1241 3231 utunirentur
1261 3185 1398 3232 fundo
1417 3184 1751 3230 canonieatus=
1783 3188 1901 3246 quod
1919 3220 1931 3237 ,
1963 3184 1992 3231 fi
2011 3186 2050 3233 id
2074 3190 2337 3248 probaretur
2356 3217 2368 3235 ,
2405 3194 2499 3227 non

567 3233 691 3292 poffe
712 3235 875 3305 fructus
892 3245 1013 3305 exigi
1033 3280 1046 3296 ‚
1074 3261 1176 3292 cum
1201 3249 1312 3292 bona
1333 3245 1422 3292 fide
1447 3247 1682 3306 pecuniam
1715 3246 1844 3294 illam
1877 3248 2195 3308 consumpserit
2235 3243 2525 3294 canonicus?

559 3294 857 3357 Pascuccms,
891 3305 1157 3366 imputando
1178 3309 1304 3355 illam
1322 3310 1368 3355 in
1386 3308 1510 3356 suum
1528 3308 1775 3356 creditum:
1811 3309 2032 3358 Rationes
2065 3309 2268 3372 Episcopi
2304 3323 2393 3354 non
2416 3304 2500 3352 effe

555 3356 838 3417 spefiandas‚
871 3367 974 3428 quia
993 3368 1458 3418 filentiumCanonici
1478 3370 1704 3418 Pascuccii
1737 3373 1953 3434 impensas
1987 3389 2076 3422 non
2107 3374 2352 3437 repetentis
2388 3383 2506 3415 non-

561 3419 614 3464 fit
633 3424 784 3471 modus
803 3427 1012 3478 tollendae
1034 3432 1336 3494 obligationis
1352 3468 1366 3485 ,
1400 3447 1501 3479 cum
1522 3433 1672 3494 &ipse
1689 3471 1702 3487 ‚
1736 3436 1778 3482 δι
1795 3438 1934 3484 haeres
1952 3437 2115 3484 scirent
2132 3439 2200 3493 jus
2221 3449 2378 3482 eorum
2401 3432 2498 3478 »sal-

562 3495 670 3555 trum
688 3484 769 3532 effe
790 3507 803 3532 e
828 3490 1071 3541 Patronum
1089 3510 1176 3542 non
1201 3495 1535 3543 tenericausam
1556 3497 1630 3543 sua
1644 3499 1834 3557 pecunia
1867 3514 1997 3560 agere
2014 3535 2027 3552 ,
2071 3512 2121 3545 ut
2155 3497 2364 3546 fundatio·
2401 3492 2506 3540 sub·

563 3541 803 3592 stmea-tu-r:
838 3554 1180 3616 obligationem
1197 3557 1452 3619 susceptam
1471 3558 1525 3605 ab
1548 3561 1729 3619 Angelo
1763 3562 1969 3608 Antonio
2002 3560 2241 3609 Pascucc-io
2273 3556 2492 3619 respicere

565 3606 773 3666 expensas
793 3611 922 3663 facias
946 3631 1048 3665 ante
1088 3635 1254 3669 annum
1298 3624 1380 3669 168
1392 3637 1430 3669 ι.
1453 3657 1466 3676 ‚
1501 3638 1591 3685 quo
1618 3621 1781 3686 scripta
1818 3623 1909 3672 fuit
1943 3623 2225 3687 syngrapha,
2274 3635 2366 3672 non
2390 3630 2512 3674 veto.

611 3710 616 3716 .
2154 3707 2156 3709 ’
2258 3728 2265 3732 ,
2286 3719 2301 3730 ,,
2333 3695 2406 3730 eas
2424 3712 2439 3732 ο
