2571 3961
563 148 720 242 {tudem
739 191 880 237 Sacro
902 189 1012 237 huic
1030 187 1278 236 Tribunali
1295 186 1469 234 oblatae
1488 221 1499 233 .
1536 188 1744 234 Auditus
1767 188 2010 250 Episcopus
2040 204 2138 238 rem
2156 224 2169 243 ,
2208 188 2276 236 uti
2314 191 2532 238 narravi·

565 260 713 305 vimus
733 289 746 306 ,
780 265 930 300 narrat
952 288 963 303 ,
994 254 1035 299 ὅ(
1058 251 1304 298 secundum
1328 248 1630 315 approbatum
1660 250 1943 313 electumque
1969 251 2223 300 Xaverium
2246 251 2493 314 respondet
2518 289 2532 308 ,

565 320 727 366 addens
761 314 1007 362 audiendas
1028 310 1217 359 non‘esse
1237 309 1580 357 testificationes
1614 323 1776 359 contra
1803 327 1952 360 mores
1984 315 2081 370 ejus
2100 350 2113 367 ‚
2143 328 2277 378 atque
2313 314 2531 361 honesta-

565 394 657 428 tem
690 395 714 424 a
732 381 974 437 reprobato
995 375 1207 438 Xav'erio-
1230 374 1548 434 proponendas
1566 406 1580 424 ,
1615 377 1733 433 quod
1763 390 1789 422 a
1830 374 2061 423 Michaeie
2080 376 2211 423 Patre
2229 413 2243 430 ,
2277 378 2323 423 &
2357 377 2530 425 Patruo

565 443 725 491 Testes
753 440 1058 487 circumventi
1091 435 1262 502 fuerint
1283 453 1294 478 ε
1334 435 1656 495 Approbatum
1677 434 1934 487 xaverium
1958 439 2146 498 optimis
2163 437 2364 487 moribus
2385 439 2534 487 imbu-

564 521 663 556 tum
681 502 792 554 esse,
826 504 1145 561 integrumque
1182 510 1286 543 vitae
1321 495 1588 557 scelerisque
1617 512 1779 558 purum
1809 500 1986 561 semper
2006 499 2131 548 fuisse
2149 536 2161 555 ‚
2189 516 2298 548 cum
2335 517 2360 548 a
2383 516 2529 562 puero

565 583 645 634 per
674 581 814 613 annos
837 564 1083 609 tresdecim
1109 565 1229 606 inter
1267 559 1492 606 Alumnos
1527 574 1699 607 moram
1734 565 1927 610 traxerit
1962 563 2010 608 in
2029 563 2283 611 seminario
2305 599 2319 617 ‚
2349 564 2397 609 in
2433 581 2527 628 quo

566 633 715 682 adhuc
743 627 867 688 degit
889 623 1186 684 Praeceptoris
1206 636 1387 668 munere
1412 619 1606 682 fungens
1630 659 1640 669 .
1673 623 1823 672 Causa
1843 640 1963 672 nunc
1996 627 2263 686 proponitur
2287 660 2302 678 ,
2342 639 2531 686 atqug,

564 695 728 745 eadem
757 702 886 750 urget
917 688 962 735 in
985 689 1066 736 suo
1097 685 1256 731 libello
1277 683 1507 731 xaverius
1532 684 1671 734 Pinto
1712 689 1906 735 Antonii
1938 685 2062 735 filius
2080 723 2094 741 ‚
2129 691 2289 736 addens
2314 687 2527 736 ”restium

564 752 915 809 retractationes
935 789 943 798 .
981 755 1023 799 A
1048 749 1258 798 Xaverio
1276 746 1414 796 Pinto
1434 746 1680 797 Michaelis
1696 748 1797 799 filio
1813 787 1827 806 ,
1867 750 1945 816 qui
1964 752 2229 814 reprobatus
2250 749 2341 798 suit
2357 786 2372 806 ,
2398 750 2525 801 nihil

564 816 803 871 habuimus
823 851 833 862 .
855 814 1070 863 Dubium
1087 811 1150 860 est
1180 847 1189 857 .

500 880 581 936 An
618 881 782 934 constet
800 883 851 926 de
880 879 1098 925 nullitate
1121 875 1387 931 Concursus,
1433 876 1510 923 seu
1533 877 1585 921 de
1603 878 1726 924 mala
1748 880 1974 927 relatione
1997 883 2382 927 Examinatorum
2399 911 2414 932 ,
2459 883 2520 928 ψ’

554 947 858 1007 fitfaciendus
880 956 1024 988 novus
1046 938 1283 994 Conczaersiaes
1306 938 1406 994 ‚fleu
1422 940 1582 998 potius
1593 938 1897 995 fiaestzneantur
1921 944 2086 990 Literae
2103 941 2370 1004 Apostoll-,m
2381 953 2503 1004 pro-

565 1009 749 1069 visionis
771 1003 1063 1052 ‘parochialis
1087 1007 1228 1048 Terrae
1250 1004 1446 1062 Rapom‘s
1469 1007 1669 1049 Muranae
1689 1004 1909 1063 Dioecesis
1928 1007 1974 1052 ln
1991 1005 2091 1068 casu
2112 1011 2214 1062 φρ.

624 1133 856 1196 Negative
891 1133 943 1178 ad
978 1129 1166 1191 primam
1191 1138 1363 1191 partem
1396 1161 1411 1180 ‚
1446 1124 1719 1178 affirmative
1751 1131 1806 1177 ad
1833 1129 2073 1179 secundam
2093 1167 2105 1180 .

652 1259 959 1308 VERSANA
1003 1251 1413 1322 NULLITATIs
1446 1251 1757 1321 UNlONlS:
1792 1256 2067 1319 Capi-tulum
2086 1254 2374 1306 Ca-thedralis
2415 1256 2512 1306 Ec·

667 1324 815 1373 clesiae
849 1321 1096 1367 Aversanae
1113 1331 1308 1381 quatuor
1329 1317 1594 1377 Dignitates
1612 1354 1623 1372 ‚
1660 1320 1703 1365 ἀ
1720 1319 1894 1380 viginti
1913 1334 2116 1383 quatuor
2131 1319 2397 1368 canonicos
2427 1335 2516 1367 nu-

565 1401 735 1439 merat:
770 1386 871 1433 sunt
893 1399 1070 1446 quoque
1090 1382 1139 1428 in
1157 1381 1321 1428 eadem
1343 1377 1538 1447 Ecclesia
1557 1383 1708 1428 decem
1728 1416 1742 1435 ,
1775 1384 1818 1430 &
1840 1385 1937 1430 οὲὶο
1957 1382 2319 1430 Hebdomadarii
2341 1421 2349 1430 .
2371 1383 2514 1449 (ζμ-

569 1470 616 1502 tu
627 1469 677 1499 or
700 1448 964 1511 Dignitates
986 1484 997 1500 ,
1033 1447 1074 1492 &
1098 1446 1190 1491 duo
1207 1443 1430 1488 Canonici
1467 1440 1718 1506 Theologus
1737 1480 1751 1497 ,
1786 1447 1827 1491 &
1847 1445 2227 1494 poenitentiarius
2247 1446 2513 1493 praebendag

567 1519 735 1564 habent
750 1550 762 1566 ,
801 1523 1072 1559 caeterorum
1090 1506 1429 1555 Canonicorum
1450 1507 1642 1555 redditus
1665 1507 1766 1555 sunt
1787 1509 1831 1554 in
1861 1508 1966 1556 soli-s
1982 1509 2379 1557 distributionibus
2401 1523 2519 1576 quo·

569 1577 760 1628 tidianis
779 1593 787 1619 :
826 1571 1190 1620 Hebdomadarii
1209 1584 1387 1632 quoque
1411 1569 1669 1617 Praebendas
1686 1587 1776 1618 non
1794 1572 1964 1620 habent
1982 1606 1995 1624 ‚
2021 1572 2090 1619 sed
2116 1572 2226 1619 solas
2247 1572 2517 1632 percipiunt

570 1641 855 1707 quotidianas
873 1635 1207 1684 distributiones
1230 1668 1242 1686 ,
1274 1646 1517 1701 eorumque
1538 1635 1744 1681 redditus
1763 1634 2009 1683 ascendunt
2027 1640 2080 1683 ad
2101 1651 2277 1682 annuos
2295 1634 2516 1686 ,iducatos

572 1721 648 1759 30·
663 1703 876 1752 circiter.
915 1699 1000 1745 His
1025 1700 1229 1745 Summus
1252 1695 1461 1742 Pontiiex
1485 1696 1701 1743 Clemens
1723 1699 1838 1745 Vlll
1874 1715 1991 1747 anno
2034 1712 2170 1759 1594.
2186 1699 2397 1746 coneeffit
2415 1731 2430 1749 ,
2463 1708 2516 1743 ut

568 1766 855 1816 Rocchetto,
893 1764 935 1811 δι
971 1762 1134 1823 Cappa
1171 1759 1241 1807 uti
1278 1760 1476 1819 possent.
1509 1759 1628 1806 Cum
1662 1776 1782 1808 anno
1820 1774 1952 1823 17³³·
1993 1762 2316 1810 Visitationem
2361 1772 2516 1821 ageret

568 1830 829 1879 Aversanus
851 1824 1092 1888 Episcopus
1109 1859 1123 1876 ,
1157 1826 1213 1871 ab
1233 1839 1286 1869 co
1307 1821 1592 1877 postularunt
1615 1824 1967 1878 Hebdomadarii
1986 1861 2000 1878 ‚
2035 1839 2086 1871 ut
2118 1839 2208 1871 tria
2240 1822 2517 1871 Beneficia„

572 1892 789 1955 simplicia
809 1927 823 1944 ‚
856 1905 953 1950 quae
984 1903 1103 1936 nunc
1135 1886 1325 1947 poffidet
1345 1885 1543 1932 Michael
1565 1887 1804 1947 Sagliocco
1822 1887 2018 1942 eiusdem
2036 1887 2335 1936 Cathedralis
2361 1884 2514 1932 Eccle-

571 1956 640 2004 fiae
658 1954 920 2002 Canonicus
942 1986 954 2003 ,
989 1949 1090 2009 ipsis
1119 1961 1297 2000 uniret5
1327 1949 1529 1995 rationes
1560 1950 1690 2005 hujus
1711 1950 1887 1997 unionis
1907 1966 2039 2000 erant
2060 1987 2071 2007 ‚
2106 1967 2198 2013 quo
2217 1985 2244 2004 ,,
2277 1949 2380 2009 ipsis
2411 1953 2530 1993 mat-³

572 2056 604 2076 ,,
638 2020 787 2077 iorum
807 2015 1064 2076 sumptuum
1081 2012 1259 2065 occasio
1275 2014 1332 2058 ob
1351 2014 1654 2060 recentiorem
1673 2029 1829 2074 nempe
1847 2013 2094 2062 Rocchetti
2113 2017 2128 2070 ,‘
2162 2015 2204 2060 ὅ(
2226 2011 2399 2075 Cappae
2432 2012 2516 2058 ha-

573 2119 605 2140 „
639 2082 784 2129 bitum
806 2116 818 2132 ‚
853 2095 943 2138 quo
971 2076 1091 2124 haud
1126 2077 1215 2131 iam
1245 2074 1425 2134 pridem
1459 2090 1586 2121 erant
1620 2075 1851 2140 insigniti,
1889 2077 2156 2138 supraddita
2190 2075 2445 2129 fuerit,-&
2481 2089 2508 2121 e

574 2179 607 2200 „
640 2154 802 2191 contra
816 2141 1090 2203 singularum
1113 2138 1450 2185 praebendarum
1468 2138 1668 2186 redditus
1688 2144 1739 2186 ad
1759 2156 1929 2188 annuos
1950 2140 2104 2204 Regni
2125 2142 2310 2188 ducatos
2329 2153 2405 2194 40.
2423 2137 2515 2184 cir-

638 2209 752 2254 citer
787 2206 908 2265 prius
942 2201 1227 2249 ascendentes
1253 2235 1266 2253 ,
1302 2214 1557 2260 temporum
1589 2201 1754 2257 injuria
1784 2203 1870 2249 sint
1906 2205 2023 2251 adeo
2055 2204 2320 2254 imminuti,
2358 2200 2514 2263 ιιῐνίιιρ

569 2307 602 2326 ,,
637 2271 768 2317 modo
797 2267 1078 2327 attingentes
1112 2280 1199 2311 una
1225 2280 1330 2310 cum
1350 2262 1538 2315 incertis
1560 2302 1572 2319 ‚
1609 2265 1651 2310 &
1685 2266 1961 2325 quotidianis
1994 2265 2386 2314 distributionibus
2411 2261 2510 2310 Re-‘

568 2370 601 2389 ,‚
634 2332 716 2393 gni
735 2331 918 2377 duca-tos
938 2343 1013 2380 24.
1034 2328 1106 2373 vel
1126 2326 1183 2373 ad
1202 2326 1418 2372 summum
1440 2340 1509 2380 30.
1528 2328 1713 2375 circiter
1733 2364 1746 2381 ,
1778 2328 2032 2376 necessaria:
2070 2329 2265 2389 ipsorum
2298 2327 2534 2375 substens

519 2402 521 2404 ’
567 2431 599 2454 ,,
632 2394 801 2442 tationi
829 2389 1020 2438 minime
1048 2388 1335 2436 sufficerent.
1373 2388 1457 2435 His
1475 2390 1779 2452 adjungebant
1812 2394 1986 2439 coactos
2028 2392 2150 2445 fore,
2195 2388 2278 2437 nisi
2304 2391 2511 2437 redditus

569 2495 599 2518 ‚,
629 2468 924 2520 augerentur:
957 2453 1189 2500 dimittere
1207 2450 1684 2507 Hebdomadariatus,
1714 2455 1910 2502 deserere
1927 2456 2217 2502 Cathedralis
2246 2453 2504 2507 servitium,

566 2557 598 2578 ‚,
634 2535 768 2581 atque
805 2518 942 2566 aliam
974 2528 1182 2578 appetere
1209 2513 1490 2573 receptitiam
1525 2516 1766 2564 Ecclesiam
1802 2517 1939 2566 A.G.
1964 2518 2010 2568 P.
2046 2518 2239 2574 ejusdem
2285 2513 2508 2562 Civitatis

563 2621 594 2640 ,‚
630 2582 818 2631 Ave-rste
840 2615 855 2634 ‚
889 2581 937 2626 in
968 2594 1056 2639 qua
1085 2576 1246 2639 singuli
1263 2577 1531 2625 Sacerdotes
1549 2579 1761 2641 adscripti
1776 2580 2021 2628 minoribus
2041 2582 2148 2628 licet
2165 2578 2380 2626 oneribus
2396 2593 2507 2640 rgra-

564 2685 595 2704 ,‚
630 2648 761 2701 vati,
795 2641 1024 2707 ampliora
1058 2642 1298 2688 lucrantur
1329 2641 1631 2690 emolumenta
1665 2645 1783 2690 ultra
1817 2643 1996 2691 scilicet
2029 2657 2284 2690 annuorum
2316 2642 2511 2687 ducato-

561 2746 594 2764 „
629 2725 729 2757 rum
752 2716 877 2759 60.‚,
906 2704 1238 2766 Cognitionem
1263 2704 1396 2760 hujus
1426 2703 1747 2766 postulationis
1783 2707 1904 2754 dedit
1947 2706 2185 2769 Episcopus
2206 2705 2394 2751 Vicario
2424 2701 2505 2751 suo

560 2771 785 2821 Generali
803 2807 815 2824 ,
848 2784 1001 2820 coram
1019 2783 1109 2829 quo
1128 2803 1140 2819 ,
1175 2782 1263 2812 non
1280 2766 1443 2813 audito
1458 2765 1701 2816 Canonico
1717 2769 1957 2830 Sagliocco
1973 2771 2228 2817 eorumdem
2250 2763 2510 2813 Beneficio-

563 2852 661 2882 rum
680 2832 914 2894 possessore
932 2864 946 2882 ‚
979 2846 1051 2880 res
1070 2832 1166 2878 aaa
1183 2827 1271 2875 suit
1289 2829 1406 2876 inter
1425 2831 1819 2879 Hebdomadarios
1833 2857 1847 2883 ⁴,
1878 2834 1920 2880 &
1941 2834 2262 2880 Promotorem
2282 2827 2506 2877 Fiscalem

566 2898 716 2944 Curi.t:
736 2896 1041 2957 Episcopalis,
1078 2891 1295 2942 Tandem
1312 2891 1555 2950 Episcopus
1573 2897 1743 2955 praevio
1763 2895 1980 2942 consensu
1998 2893 2254 2954 Capituli„
2272 2908 2326 2938 ne
2341 2891 2506 2939 debitis

567 2995 600 3015 ‚‚
637 2960 921 3006 fraudaretur
948 2955 1169 3017 obsequiis
1187 2954 1366 3002 divinus
1383 2954 1533 3001 cultus
1548 2991 1562 3008 ‚
1594 2972 1712 3004 neve
1732 2957 1938 3005 Ecclesiae
1956 2955 2245 3003 Cathedralis
2267 2955 2312 3002 se
2337 2955 2506 3002 vitium

569 3057 601 3075 „,
636 3021 760 3069 facili
792 3023 983 3083 negocio
1019 3020 1328 3069 desereretur,
1367 3019 1637 3065 auctoritate
1671 3019 1912 3066 Ordinaria
1941 3018 2156 3079 praedissis
2182 3019 2310 3065 Hebd
2336 3018 2503 3071 ¹mada-

570 3117 602 3139 ,‚
637 3083 824 3130 riatibus
841 3119 854 3136 ‚
888 3086 929 3130 &
957 3083 1150 3132 cuilibet
1169 3080 1370 3142 ipsorum
1388 3081 1670 3130 distributive
1691 3095 1863 3128 tantum
1883 3093 1976 3127 rata
1996 3081 2043 3127 in
2065 3094 2335 3143 perpetuum
2349 3079 2506 3127 univit

570 3181 603 3201 2,
635 3145 724 3193 tria
745 3145 968 3193 Beneficia
998 3144 1221 3208 simplicia
1244 3142 1394 3190 liberae
1408 3143 1667 3200 collationis
1698 3142 1824 3190 fimul
1868 3144 2110 3193 reddentia
2140 3158 2305 3191 annuos
2341 3143 2508 3189 fruetus

569 3244 601 3264 ,‚
638 3210 902 3256 ducatorum
921 3207 1072 3267 Regni
1097 3222 1194 3260 140.
1212 3205 1398 3255 circiter
1413 3239 1444 3260 ‚‚
1463 3203 1552 3255 fine
1571 3217 1722 3253 tamen
1739 3205 2014 3255 detrimento
2034 3207 2195 3255 Canon
2206 3207 2263 3254 ici
2295 3204 2505 3267 Saglioc-

572 3285 814 3323 cocorum
852 3271 1098 3332 possessoris
1116 3301 1129 3315 .

571 2244 603 2264 ³2

492 3335 769 3397 vrDisplicuit
788 3333 1028 3381 Canonico
1050 3333 1393 3391 Sagliocco‘haec
1416 3333 1557 3387 unio,
1593 3335 1635 3380 ὅ(
1655 3337 1883 3383 vocato-in
1899 3337 1975 3391 Jus
1991 3350 2143 3383 coram
2166 3337 2220 3382 A.
2243 3332 2299 3381 C.
2318 3333 2509 3381 Promo-

573 3411 674 3444 tore
707 3397 872 3444 Fiscali
908 3395 1062 3442 Curiae
1094 3394 1371 3455 Episcopalis
1392 3431 1404 3447 ,
1438 3396 1710 3445 sententiam
1749 3400 1951 3447 obtinuit
1982 3433 1996 3452 ,
2031 3413 2129 3460 ,qua
2161 3397 2343 3445 unionis
2373 3394 2503 3445 illius

572 3459 763 3504 nullitas
780 3460 1004 3506 declarata
1022 3457 1141 3512 fuit,
1169 3456 1239 3501 sed
1259 3458 1350 3504 haec
1366 3457 1589 3505 sententia
1607 3493 1622 3510 ,
1655 3460 1921 3507 instantibus
1959 3459 2343 3507 Hebdomadariis
2362 3494 2375 3510 ‚
2411 3457 2507 3503 cit·-

574 3519 844 3580 cumscripta
875 3522 962 3568 fuit
993 3538 1018 3567 a
1059 3518 1299 3566 T-ribunali
1331 3520 1582 3582 Signatnrae
1615 3522 1803 3576 Justitiae
1825 3555 1839 3568 .
1870 3524 2124 3585 Saglioccus
2156 3522 2293 3586 igitur
2331 3520 2421 3567 sese
2452 3518 2506 3564 ad

571 3581 660 3648 hoc
686 3581 869 3628 Sacrum
896 3583 1115 3630 l'ribunal
1134 3583 1386 3630 convertit:
1425 3585 1621 3631 Auditus
1643 3585 1877 3646 Episcopus
1895 3601 1946 3631 ea
1964 3587 2101 3632 habet
2122 3621 2133 3638 ,
2167 3601 2264 3646 quae
2285 3583 2416 3646 supra
2434 3595 2507 3626 re-

574 3642 765 3697 milinus
785 3680 796 3691 .
831 3644 1052 3706 Disputat
1074 3660 1189 3699 nunc
1207 3645 1464 3706 ,Saglioccus
1482 3646 1654 3695 nullam
1670 3645 1799 3696 fuisse
1818 3647 2037 3696 unionem
2054 3684 2071 3708 ,
2091 3646 2180 3696 five
2200 3643 2512 3714 speramur-Jus

2335 3719 2458 3753 anu-
