2571 3961
1823 117 1852 154 a

93 178 279 241 diffusio
302 173 680 240 adscriptifueri
688 186 744 223 nt
787 188 841 239 -q
853 192 882 226 a
893 176 1005 239 ique
1021 172 1074 227 in
1090 172 1247 233 ordine
1247 170 1466 237 seniores
1477 168 1588 235 fiat,
1606 168 1703 233 ipso
1719 120 1890 235 &arez

94 251 280 315 ipsoque
292 247 426 308 fa'c'lo
443 251 506 295 ad
524 251 783 308 portionem
824 258 989 294 varan
1000 257 1091 293 tem
1113 277 1127 298 ,
1164 243 1498 309 portionesque
1521 254 1755 289 vacantes
1792 243 1878 290 ad-

90 319 340 379 rasti-,argu
359 318 425 370 (φ
445 319 725 380 recipiatur,
748 317 1091 376 admittantur.
1109 314 1172 369 ὠ·
1190 313 1492 379 recipiantur
1507 345 1522 360 .
1543 307 1661 360 Hoc
1683 307 1885 361 Decre-

93 398 202 445 tum
228 384 551 450 confirmavit
570 401 699 435 auno
729 391 877 450 1613.
913 384 1152 435 Summus
1185 375 1419 434 Pontifex
1445 378 1633 431 Paulus
1658 376 1723 430 V.
1743 411 1757 433 ‚
1798 379 1886 442 qui

90 451 495 520 Archiepiscopo
512 451 829 506 Consentino
844 451 1302 519 Exequutori‚Sede
1322 461 1442 502 tunc
1466 445 1748 514 Episcopali
1766 444 1889 499 Cas-

91 525 273 593 sanenfi
295 525 853 592 vacantennandavinut
874 523 1142 586 unicuique
1166 537 1220 572 ea
1242 518 1424 587 viginti
1450 515 1776 575 portionariis
1798 517 1888 569 Sa-

92 594 382 650 cerdotibus
405 611 484 659 75.
506 595 712 648 ducatos
737 605 926 645 annuos
950 607 1008 641 ex
1023 592 1288 642 communi
1312 583 1462 641 massa
1481 591 1808 646 attribueret,
1827 596 1886 639 ut

92 680 152 719 au
168 663 490 732 Exequutore
510 659 694 724 fastum
717 664 782 713 est
806 699 820 713 .
839 661 948 720 Post
973 663 1070 714 hoc
1091 658 1370 711 Decretum
1392 674 1492 709 nou
1512 657 1598 711 alii
1624 657 1686 710 ad
1706 655 1885 714 locum
1936 684 1938 686 v

96 749 362 795 vacantem
383 730 575 798 admissi
601 728 806 786 fuerunt
825 727 1262 794 expestantes21ive
1280 724 1884 793 supranumerarii‚quam
1905 728 1907 730 ’

95 809 178 868 qui
206 823 283 857 eas
304 805 546 856 haberent
571 800 840 866 qualitates
857 839 874 864 ,
898 816 1016 866 quas
1037 799 1174 849 idem
1195 798 1528 863 praefiniverat
1549 796 1840 850 Decretum
1859 829 1877 853 ‚

94 873 140 924 8(
170 873 312 938 usque
334 875 392 924 ad
410 887 598 924 annum
628 876 778 935 1694.
795 869 1089 935 Cappellani
1112 868 1289 921 Curati
1306 865 1527 933 ejusdem
1571 862 1880 919 Parochialis

100 942 330 996 Ecclesiae
351 939 496 992 elerii
516 936 719 992 fuerunt
741 957 797 991 ex
817 941 1169 998 Sacerdotibus
1193 938 1548 995 portionariis,
1569 936 1652 988 seu
1670 932 1881 988 Partici-

100 1015 328 1079 partribus
349 1045 364 1069 ‚
384 1027 439 1063 ac
455 1009 555 1062 duo
580 1005 740 1070 solum
772 1010 940 1062 ultimi
958 1007 1252 1075 Cappellani
1291 1021 1433 1062 extra
1455 1020 1737 1061 numerum
1760 1003 1883 1056 illo-

97 1099 208 1135 rum
233 1077 435 1133 fuerunt
457 1116 472 1138 ‚
490 1079 573 1146 qui
597 1083 662 1131 ol)
684 1080 731 1130 id
758 1079 1098 1143 postularunt,
1121 1091 1176 1130 ut
1195 1075 1453 1144 asseritur,
1477 1094 1505 1130 a
1527 1074 1882 1136 Portionariis,

98 1162 153 1202 ut
172 1150 232 1202 ad
252 1150 690 1215 participationem
711 1151 1106 1202 admitterentur
1131 1184 1146 1199 .

33 1218 168 1270 Cum
194 1235 329 1271 anno
356 1242 372 1273 1
387 1238 503 1287 753.
522 1219 720 1270 obiiffet
739 1217 1078 1283 Cappellanus
1092 1219 1313 1272 Curatus
1348 1211 1513 1271 Caesar
1531 1212 1759 1267 Marfico
1784 1245 1802 1270 ‚
1818 1211 1880 1265 ad

95 1289 534 1355 participationem
557 1289 792 1340 admistus
813 1285 908 1341 fuit
931 1286 1198 1341 Carmelus
1218 1283 1465 1339 Calenius
1481 1318 1497 1343 ,
1528 1283 1613 1348 qui
1635 1284 1770 1335 inter
1791 1297 1884 1334 ex-

98 1362 347 1423 perstantes
365 1397 381 1421 ‚
401 1356 482 1419 feu
499 1353 963 1423 supranumerarios
985 1395 1002 1422 ‚
1021 1357 1065 1410 8(
1097 1358 1261 1409 senior
1277 1367 1385 1409 erat
1402 1354 1452 1406 in
1474 1352 1655 1406 ordine
1676 1388 1690 1413 ‚
1710 1351 1757 1404 8(
1780 1368 1883 1404 cae-

97 1441 232 1481 teras
255 1429 466 1482 habebat
489 1428 747 1493 qualitates
766 1429 816 1480 in
832 1429 1066 1482 Decreto
1083 1425 1390 1479 reductionis
1410 1420 1748 1490 praescriptas:
1776 1420 1878 1473 Sed

91 1497 281 1551 indieto
300 1500 560 1557 concursu,
582 1496 845 1564 electoque
864 1500 911 1549 in
929 1496 1291 1563 Cappellanum
1311 1494 1548 1549 Antonio
1565 1490 1879 1557 Campanel-

90 1568 138 1619 la
155 1603 170 1628 ,
197 1568 276 1620 hic
298 1568 618 1636 contendere
636 1569 779 1633 caepit
800 1569 889 1620 fibi
910 1566 1139 1620 debitam
1161 1601 1180 1629 ,
1200 1581 1301 1617 non
1320 1563 1548 1622 Casinio,
1571 1563 1877 1628 portionem

87 1638 499 1702 participationis.
517 1632 762 1691 Castellius
784 1638 943 1705 igitur
961 1642 1069 1705 egit
1087 1649 1268 1690 contra
1286 1650 1405 1688 eum
1422 1636 1472 1687 in
1493 1632 1649 1687 Curia
1669 1627 1882 1696 Episco-

88 1707 222 1772 pali,
257 1721 309 1760 ut
329 1706 409 1766 sua
427 1706 772 1760 custodiretur
794 1704 1019 1773 poffeffio
1043 1742 1059 1767 ‚
1096 1703 1182 1770 std
1215 1703 1377 1758 νίἒὶυε
1393 1701 1491 1758 fuit
1513 1738 1530 1752 .
1568 1699 1873 1766 Appellavit

87 1773 333 1837 Casellius
372 1776 432 1847 ad
451 1776 699 1830 Tribunal
722 1776 809 1836 ,.A.
832 1777 926 1835 C.‚
961 1778 1007 1831 8(
1036 1774 1438 1842 'appellationem
1480 1782 1672 1838 recepit
1712 1770 1871 1822 Vica-

37 1902 40 1906 ,
89 1846 191 1900 rius
211 1846 474 1899 Generalis
492 1882 506 1904 ‚
530 1849 611 1911 qui
630 1859 799 1900 tamen
816 1845 1015 1900 Libello
1037 1845 1083 1899 ei
1101 1842 1276 1899 oblato
1296 1861 1321 1897 a
1336 1841 1668 1906 Campanella
1692 1839 1875 1893 rescri-

85 1918 214 1983 psit,
233 1929 284 1967 ut
304 1915 609 1969 Procurator
624 1917 763 1970 Cleri
791 1912 975 1969 frustus
996 1933 1181 1969 ornnes
1208 1916 1234 1974 ,’
1271 1914 1696 1985 &emolumenta
1756 1924 1881 1975 par-

92 1985 397 2050 ticipationis
417 1988 463 2037 ei
486 1987 706 2039 traderet
734 2027 750 2051 ‚
767 1987 1004 2050 praecepit
1021 2003 1102 2051 tue
1119 1982 1258 2041 Casei
1273 1987 1339 2036 lio
1359 2021 1373 2041 ‚
1419 2001 1482 2037 ne
1504 1980 1590 2034 sub
1611 1996 1758 2043 poena
1778 1979 1881 2030 du-

87 2070 321 2108 catorum
346 2056 548 2122 viginti,
567 2071 716 2120 atque
754 2057 912 2108 etiam
954 2061 1200 2108 interdiffi
1221 2058 1284 2108 ab
1303 2052 1508 2123 ingreffu
1531 2051 1825 2169 Eccltssaegp
1846 2065 1874 2100 o

70 2131 204 2194 fafilo
221 2130 505 2187 incurrendi
523 2127 868 2190 Campanellae
886 2123 1094 2178 inferret
1121 2126 1370 2176 molestias
1390 2123 1442 2174 in
1464 2120 1598 2188 quati
1618 2117 1752 2183 poffe
1795 2136 1810 2169 1
1849 2143 1876 2157 -

86 2196 352 2257 uelim-ilum
377 2195 772 2260 participationis
794 2231 808 2245 .
829 2191 1070 2247 Casellius
1094 2195 1244 2259 igitur
1266 2188 1579 2260 confugit'ad
1608 2189 1672 2243 A.
1689 2187 1757 2242 C.
1782 2185 1872 2254 qui

86 2264 316 2319 decrevit
335 2301 348 2322 ,
369 2278 424 2318 ut
439 2277 680 2319 attentata
706 2279 1035 2332 purgarentur
1056 2302 1068 2320 ‚
1091 2263 1133 2316 8(
1156 2263 1540 2327 circumscripfit
1562 2260 1666 2312 asta
1684 2261 1868 2310 omnia

85 2337 191 2402 post
209 2335 600 2400 appellationem
639 2334 761 2388 faeta
786 2337 832 2386 in
851 2336 1001 2388 Curia
1023 2334 1217 2388 Cassani
1249 2373 1263 2395 ‚
1298 2329 1661 2392 damnavitque
1691 2324 1870 2377 *Cam-

86 2406 341 2472 panellam
364 2407 410 2456 in
435 2405 697 2467 expensas:
735 2405 986 2458 Decrevit
1007 2405 1160 2455 etiam
1185 2399 1410 2455 Casellio
1449 2397 1705 2452 molestias
1725 2389 1862 2446 infe-

88 2474 262 2536 rendas
283 2491 381 2525 non
402 2477 496 2527 esse
522 2476 569 2526 in
607 2474 899 2540 poffeffione
941 2473 1337 2536 participationis
1362 2508 1376 2532 ,
1407 2483 1560 2533 atque
1594 2464 1861 2528 exastione

87 2543 394 2604 reddituum,
417 2544 460 2595 8(
484 2556 536 2598 ut
553 2545 876 2609 Campanella
894 2542 1080 2596 fruFtus
1101 2555 1367 2607 perceptos
1388 2538 1615 2594 Casellio
1638 2535 1870 2612 restitue·

84 2627 162 2666 ret
185 2647 199 2661 .
234 2614 376 2664 Adiit
394 2615 719 2677 Campanella
742 2616 1077 2680 Sanfiiffimum
1095 2613 1350 2665 Dominum
1375 2611 1605 2676 Nostrum
1627 2646 1644 2672 ,
1675 2604 1865 2658 oblatis

81 2681 309 2750 precibus
323 2717 336 2739 ‚
368 2684 542 2750 quibus
563 2693 760 2750 petebat
773 2698 842 2746 ,ut
865 2682 1020 2735 Cauta
1036 2694 1344 2735 avocaretur
1360 2699 1386 2734 a
1404 2676 1674 2736 Tribunali
1696 2673 1830 2727 A.c.
1845 2710 1867 2752 2

85 2753 136 2815 &
153 2754 258 2816 ejus
279 2754 506 2817 cognitio
524 2754 734 2806 daretur
777 2750 1190 2805 Eminentiffimis
1230 2752 1460 2806 Patribus
1486 2781 1505 2807 9
1537 2743 1864 2815 postulationi

86 2821 260 2883 ann—uit
276 2821 645 2877 S.2crariffi1n11s
672 2823 906 2886 Princeps
927 2857 946 2884 ,
964 2822 1007 2873 8(
1032 2819 1331 2889 rescriptum
1351 2828 1663 2887 exequutum
1685 2812 1785 2868 fuit
1799 2819 1862 2866 ab

87 2891 344 2954 Auditore
366 2893 657 2952 Tribunalis
675 2894 950 2960 ‚Signaturae
986 2892 1189 2951 Jussstitiae
1229 2893 1427 2961 inflatu
1450 2927 1465 2949 ‚
1500 2890 1564 2946 (ἐν
1597 2885 1864 2946 terminis.

90 2961 246 3014 Causa
266 2978 397 3025 nunc
419 2963 719 3028 proponitur
735 2998 751 3020 ‚
767 2962 812 3015 8(
830 2958 1043 3025 disputat
1061 2959 1306 3016 casellius
1322 2979 1422 3015 non
1438 2956 1615 3015 deberi
1632 2955 1867 3020 Campa·

89 3031 231 3088 nellae
251 3034 708 3098 participationem,
726 3050 842 3086 cum
863 3047 1026 3098 neque
1049 3032 1376 3090 Parochianus
1392 3030 1450 3086 fit
1470 3062 1485 3088 ‚
1503 3041 1668 3094 neque
1689 3025 1867 3085 Sacer-

89 3100 181 3164 dos
201 3097 656 3182 suprauumqrarius
678 3107 724 3155 in
747 3103 925 3154 ordine
946 3100 1137 3158 senior:
1159 3102 1242 3153 sibi
1261 3118 1388 3154 vero
1408 3100 1637 3155 debitam
1655 3092 1865 3162 partici-

89 3172 347 3237 pationem
370 3209 383 3230 ,
399 3189 513 3237 quia
537 3177 618 3227 has
643 3179 815 3236 habeat
834 3172 1098 3235 qualitates
1123 3189 1135 3225 :
1168 3172 1484 3227 servandum
1525 3165 1625 3220 effe
1666 3165 1864 3218 Decre-

89 3244 516 3300 tumr-eductionis
536 3244 693 3295 latum
713 3240 1016 3297 auctoritate
1031 3242 1169 3295 Sacri
1191 3240 1335 3298 hui-us
1354 3234 1718 3294 Tribunatu&
1739 3247 1866 3285 con-

85 3308 347 3380 firmatum
369 3312 666 3373 auftoritate
695 3311 986 3374 pontificia:
1029 3326 1182 3378 atque
1200 3312 1268 3371 ita
1286 3309 1336 3364 in
1356 3307 1509 3369 fimili
1526 3303 1638 3362 casu
1655 3299 1863 3357 reludi-

82 3391 198 3428 cata
216 3379 485 3434 definitum
506 3380 645 3436 fuifle
667 3383 713 3433 in
733 3379 997 3435 Tribzinali
1018 3382 1084 3434 A.
1100 3379 1165 3433 C.
1189 3380 1452 3434 Attentata
1476 3391 1599 3431 vero
1617 3371 1714 3425 effe
1731 3385 1861 3437 pur-

80 3448 273 3514 ganda,
306 3469 424 3506 cum
445 3444 595 3508 n'imis
615 3448 903 3525 mani-festus
922 3448 1075 3514 fuerit
1114 3449 1304 3513 judicis
1339 3447 1568 3520 spretus.
1602 3440 1858 3566 [οηςιῖῑιὲ

1734 3526 1764 3565 e
