<?xml version="1.0" encoding="UTF-8"?>
<!DOCTYPE html PUBLIC "-//W3C//DTD XHTML 1.0 Transitional//EN"
    "http://www.w3.org/TR/xhtml1/DTD/xhtml1-transitional.dtd">
<html xmlns="http://www.w3.org/1999/xhtml" xml:lang="en" lang="en">
 <head>
  <title>
</title>
<meta http-equiv="Content-Type" content="text/html;charset=utf-8" />
  <meta name='ocr-system' content='tesseract 3.04.00' />
  <meta name='ocr-capabilities' content='ocr_page ocr_carea ocr_par ocr_line ocrx_word'/>
</head>
<body>
  <div class='ocr_page' id='page_1' title='image "./thesaurusresolut22cath_0278.png"; bbox 0 0 2571 3961; ppageno 0'>
   <div class='ocr_carea' id='block_1_1' title="bbox 560 209 2435 1110">
    <p class='ocr_par' dir='ltr' id='par_1_1' title="bbox 617 209 2435 761">
     <span class='ocr_line' id='line_1_1' title="bbox 627 209 2435 289; baseline 0.007 -25"><span class='ocrx_word' id='word_1_1' title='bbox 627 209 835 264; x_wconf 80' lang='lat' dir='ltr'>subsidia</span> <span class='ocrx_word' id='word_1_2' title='bbox 858 211 965 265; x_wconf 87' lang='lat' dir='ltr'>aliis</span> <span class='ocrx_word' id='word_1_3' title='bbox 987 210 1174 265; x_wconf 81' lang='lat' dir='ltr'>Puellis</span> <span class='ocrx_word' id='word_1_4' title='bbox 1212 211 1458 264; x_wconf 84' lang='lat' dir='ltr'>extraneis</span> <span class='ocrx_word' id='word_1_5' title='bbox 1505 213 1899 277; x_wconf 75' lang='lat' dir='ltr'>interciperent:</span> <span class='ocrx_word' id='word_1_6' title='bbox 1943 211 2044 266; x_wconf 77' lang='lat' dir='ltr'>sola</span> <span class='ocrx_word' id='word_1_7' title='bbox 2078 217 2229 286; x_wconf 80' lang='lat' dir='ltr'>igitur</span> <span class='ocrx_word' id='word_1_8' title='bbox 2273 221 2435 289; x_wconf 85' lang='lat' dir='ltr'>sc.30.</span> 
     </span>
     <span class='ocr_line' id='line_1_2' title="bbox 619 279 2433 348; baseline 0.007 -18"><span class='ocrx_word' id='word_1_9' title='bbox 619 282 734 337; x_wconf 77' lang='lat' dir='ltr'>jure</span> <span class='ocrx_word' id='word_1_10' title='bbox 757 282 1062 346; x_wconf 51' lang='lat' dir='ltr'>prelationis</span> <span class='ocrx_word' id='word_1_11' title='bbox 1084 316 1098 336; x_wconf 87' lang='lat'><strong>‚</strong></span> <span class='ocrx_word' id='word_1_12' title='bbox 1115 280 1157 329; x_wconf 71' lang='lat'>81</span> <span class='ocrx_word' id='word_1_13' title='bbox 1182 282 1276 331; x_wconf 85' lang='lat' dir='ltr'>fine</span> <span class='ocrx_word' id='word_1_14' title='bbox 1299 279 1428 333; x_wconf 81' lang='lat' dir='ltr'>sorte</span> <span class='ocrx_word' id='word_1_15' title='bbox 1449 293 1595 345; x_wconf 80' lang='lat' dir='ltr'>atque</span> <span class='ocrx_word' id='word_1_16' title='bbox 1620 282 1759 333; x_wconf 88' lang='lat' dir='ltr'>Urna</span> <span class='ocrx_word' id='word_1_17' title='bbox 1779 297 1962 344; x_wconf 80' lang='lat' dir='ltr'>capere</span> <span class='ocrx_word' id='word_1_18' title='bbox 1983 287 2114 348; x_wconf 79' lang='lat' dir='ltr'>poffe</span> <span class='ocrx_word' id='word_1_19' title='bbox 2139 289 2283 344; x_wconf 58' lang='lat' dir='ltr'>Filias</span> <span class='ocrx_word' id='word_1_20' title='bbox 2308 292 2433 343; x_wconf 84' lang='lat' dir='ltr'>Prae·</span> 
     </span>
     <span class='ocr_line' id='line_1_3' title="bbox 624 348 2422 414; baseline 0.007 -13"><span class='ocrx_word' id='word_1_21' title='bbox 624 351 791 404; x_wconf 88' lang='lat' dir='ltr'>vitalis</span> <span class='ocrx_word' id='word_1_22' title='bbox 818 368 829 407; x_wconf 88' lang='grc'>;</span> <span class='ocrx_word' id='word_1_23' title='bbox 857 352 999 402; x_wconf 86' lang='lat' dir='ltr'>Hanc</span> <span class='ocrx_word' id='word_1_24' title='bbox 1019 350 1111 398; x_wconf 79' lang='lat' dir='ltr'>effe</span> <span class='ocrx_word' id='word_1_25' title='bbox 1131 348 1405 401; x_wconf 83' lang='lat' dir='ltr'>Testatoris</span> <span class='ocrx_word' id='word_1_26' title='bbox 1426 350 1749 406; x_wconf 88' lang='lat' dir='ltr'>voluntate-m</span> <span class='ocrx_word' id='word_1_27' title='bbox 1771 386 1785 408; x_wconf 92' lang='lat'>‚</span> <span class='ocrx_word' id='word_1_28' title='bbox 1827 366 1977 414; x_wconf 85' lang='lat' dir='ltr'>quarn</span> <span class='ocrx_word' id='word_1_29' title='bbox 2025 351 2218 409; x_wconf 84' lang='lat' dir='ltr'>servare</span> <span class='ocrx_word' id='word_1_30' title='bbox 2252 360 2422 414; x_wconf 89' lang='lat' dir='ltr'>voluit</span> 
     </span>
     <span class='ocr_line' id='line_1_4' title="bbox 622 417 2421 485; baseline 0.004 -13"><span class='ocrx_word' id='word_1_31' title='bbox 622 435 650 472; x_wconf 81' lang='lat' dir='ltr'>a</span> <span class='ocrx_word' id='word_1_32' title='bbox 668 421 925 472; x_wconf 71' lang='lat' dir='ltr'>Sodalibus</span> <span class='ocrx_word' id='word_1_33' title='bbox 945 417 1263 470; x_wconf 81' lang='lat' dir='ltr'>cautionibus</span> <span class='ocrx_word' id='word_1_34' title='bbox 1290 417 1388 469; x_wconf 87' lang='lat' dir='ltr'>illis</span> <span class='ocrx_word' id='word_1_35' title='bbox 1408 418 1631 481; x_wconf 85' lang='lat' dir='ltr'>duabus,</span> <span class='ocrx_word' id='word_1_36' title='bbox 1665 436 1784 485; x_wconf 88' lang='lat' dir='ltr'>quas</span> <span class='ocrx_word' id='word_1_37' title='bbox 1802 419 2062 480; x_wconf 87' lang='lat' dir='ltr'>adhibuit,</span> <span class='ocrx_word' id='word_1_38' title='bbox 2098 426 2146 476; x_wconf 62' lang='grc' dir='ltr'>δέ</span> <span class='ocrx_word' id='word_1_39' title='bbox 2169 427 2246 478; x_wconf 87' lang='lat' dir='ltr'>cui</span> <span class='ocrx_word' id='word_1_40' title='bbox 2268 429 2421 481; x_wconf 86' lang='lat' dir='ltr'>dero-</span> 
     </span>
     <span class='ocr_line' id='line_1_5' title="bbox 627 486 2425 561; baseline 0.007 -22"><span class='ocrx_word' id='word_1_41' title='bbox 627 492 729 554; x_wconf 82' lang='lat' dir='ltr'>gari</span> <span class='ocrx_word' id='word_1_42' title='bbox 749 491 1016 539; x_wconf 81' lang='lat' dir='ltr'>honestum</span> <span class='ocrx_word' id='word_1_43' title='bbox 1038 502 1139 538; x_wconf 91' lang='lat' dir='ltr'>non</span> <span class='ocrx_word' id='word_1_44' title='bbox 1161 486 1217 538; x_wconf 85' lang='lat' dir='ltr'>fit</span> <span class='ocrx_word' id='word_1_45' title='bbox 1239 521 1254 541; x_wconf 85' lang='lat'>‚</span> <span class='ocrx_word' id='word_1_46' title='bbox 1289 493 1489 550; x_wconf 85' lang='lat' dir='ltr'>quando</span> <span class='ocrx_word' id='word_1_47' title='bbox 1511 489 1742 544; x_wconf 74' lang='lat' dir='ltr'>Testatos</span> <span class='ocrx_word' id='word_1_48' title='bbox 1785 488 1945 542; x_wconf 82' lang='lat' dir='ltr'>vetuit</span> <span class='ocrx_word' id='word_1_49' title='bbox 1990 493 2256 555; x_wconf 84' lang='lat' dir='ltr'>impetrari</span> <span class='ocrx_word' id='word_1_50' title='bbox 2292 499 2425 561; x_wconf 83' lang='lat' dir='ltr'>poffe</span> 
     </span>
     <span class='ocr_line' id='line_1_6' title="bbox 617 557 2416 626; baseline 0.007 -20"><span class='ocrx_word' id='word_1_51' title='bbox 617 559 980 621; x_wconf 75' lang='lat' dir='ltr'>derogationes</span> <span class='ocrx_word' id='word_1_52' title='bbox 1005 557 1095 611; x_wconf 68' lang='lat' dir='ltr'>sua:</span> <span class='ocrx_word' id='word_1_53' title='bbox 1133 557 1420 614; x_wconf 85' lang='lat' dir='ltr'>voluntati,</span> <span class='ocrx_word' id='word_1_54' title='bbox 1459 559 1505 610; x_wconf 67' lang='grc' dir='ltr'>ὀί</span> <span class='ocrx_word' id='word_1_55' title='bbox 1528 560 1561 609; x_wconf 87' lang='lat' dir='ltr'>fi</span> <span class='ocrx_word' id='word_1_56' title='bbox 1584 559 2007 626; x_wconf 81' lang='lat' dir='ltr'>impetrarentur,</span> <span class='ocrx_word' id='word_1_57' title='bbox 2053 563 2221 616; x_wconf 89' lang='lat' dir='ltr'>noluit</span> <span class='ocrx_word' id='word_1_58' title='bbox 2259 565 2321 617; x_wconf 88' lang='lat' dir='ltr'>iis</span> <span class='ocrx_word' id='word_1_59' title='bbox 2342 567 2416 620; x_wconf 83' lang='lat' dir='ltr'>uti</span> 
     </span>
     <span class='ocr_line' id='line_1_7' title="bbox 627 626 2431 696; baseline 0.003 -20"><span class='ocrx_word' id='word_1_60' title='bbox 627 627 761 690; x_wconf 75' lang='lat' dir='ltr'>posle</span> <span class='ocrx_word' id='word_1_61' title='bbox 786 661 799 674; x_wconf 92' lang='lat'><strong>.</strong></span> <span class='ocrx_word' id='word_1_62' title='bbox 822 627 940 677; x_wconf 84' lang='lat' dir='ltr'>Haec</span> <span class='ocrx_word' id='word_1_63' title='bbox 961 638 1110 691; x_wconf 85' lang='lat' dir='ltr'>atque</span> <span class='ocrx_word' id='word_1_64' title='bbox 1133 626 1230 680; x_wconf 86' lang='lat' dir='ltr'>alia</span> <span class='ocrx_word' id='word_1_65' title='bbox 1251 627 1476 682; x_wconf 76' lang='lat' dir='ltr'>Sodales,</span> <span class='ocrx_word' id='word_1_66' title='bbox 1497 628 1715 683; x_wconf 78' lang='lat' dir='ltr'>Videant</span> <span class='ocrx_word' id='word_1_67' title='bbox 1737 628 1888 696; x_wconf 84' lang='lat' dir='ltr'>igitur</span> <span class='ocrx_word' id='word_1_68' title='bbox 1912 630 2308 686; x_wconf 88' lang='lat' dir='ltr'>Eminentiffimi</span> <span class='ocrx_word' id='word_1_69' title='bbox 2332 635 2431 688; x_wconf 87' lang='lat' dir='ltr'>Pa..</span> 
     </span>
     <span class='ocr_line' id='line_1_8' title="bbox 627 697 2423 761; baseline 0.006 -15"><span class='ocrx_word' id='word_1_70' title='bbox 627 709 730 746; x_wconf 89' lang='lat' dir='ltr'>tres</span> <span class='ocrx_word' id='word_1_71' title='bbox 751 698 986 749; x_wconf 86' lang='lat' dir='ltr'>omnibus</span> <span class='ocrx_word' id='word_1_72' title='bbox 1008 697 1494 761; x_wconf 78' lang='lat' dir='ltr'>perpenfis‚quaJuris</span> <span class='ocrx_word' id='word_1_73' title='bbox 1513 701 1704 751; x_wconf 84' lang='lat' dir='ltr'>ratione</span> <span class='ocrx_word' id='word_1_74' title='bbox 1721 700 2088 761; x_wconf 78' lang='lat' dir='ltr'>expediendum</span> <span class='ocrx_word' id='word_1_75' title='bbox 2111 703 2163 753; x_wconf 77' lang='lat' dir='ltr'>fit</span> <span class='ocrx_word' id='word_1_76' title='bbox 2186 704 2423 760; x_wconf 86' lang='lat' dir='ltr'>dubium.</span> 
     </span>
    </p>

    <p class='ocr_par' dir='ltr' id='par_1_2' title="bbox 560 764 2428 1110">
     <span class='ocr_line' id='line_1_9' title="bbox 560 764 2413 838; baseline 0.005 -21"><span class='ocrx_word' id='word_1_77' title='bbox 560 764 714 833; x_wconf 71' lang='lat' dir='ltr'>Aafic</span> <span class='ocrx_word' id='word_1_78' title='bbox 739 767 1074 831; x_wconf 79' lang='lat' dir='ltr'>consulendum</span> <span class='ocrx_word' id='word_1_79' title='bbox 1092 768 1132 814; x_wconf 86' lang='lat' dir='ltr'><em>S</em></span> <span class='ocrx_word' id='word_1_80' title='bbox 1135 768 1374 830; x_wconf 67' lang='lat' dir='ltr'>anflsst&#39;mo</span> <span class='ocrx_word' id='word_1_81' title='bbox 1387 781 1473 831; x_wconf 85' lang='lat' dir='ltr'>pro</span> <span class='ocrx_word' id='word_1_82' title='bbox 1493 771 1795 834; x_wconf 83' lang='lat' dir='ltr'>affignatione</span> <span class='ocrx_word' id='word_1_83' title='bbox 1817 787 2032 836; x_wconf 58' lang='lat' dir='ltr'>congruae</span> <span class='ocrx_word' id='word_1_84' title='bbox 2069 772 2413 838; x_wconf 67' lang='lat' dir='ltr'>Dotis-facien-</span> 
     </span>
     <span class='ocr_line' id='line_1_10' title="bbox 626 833 2426 908; baseline 0.004 -21"><span class='ocrx_word' id='word_1_85' title='bbox 626 842 685 888; x_wconf 82' lang='lat' dir='ltr'>da</span> <span class='ocrx_word' id='word_1_86' title='bbox 707 839 971 900; x_wconf 75' lang='lat' dir='ltr'>unicuique</span> <span class='ocrx_word' id='word_1_87' title='bbox 991 852 1050 886; x_wconf 82' lang='lat' dir='ltr'>ex</span> <span class='ocrx_word' id='word_1_88' title='bbox 1079 836 1295 885; x_wconf 76' lang='lat' dir='ltr'>Filiabus</span> <span class='ocrx_word' id='word_1_89' title='bbox 1311 833 1574 886; x_wconf 82' lang='lat' dir='ltr'>Laurentii</span> <span class='ocrx_word' id='word_1_90' title='bbox 1592 839 2052 907; x_wconf 79' lang='lat' dir='ltr'>Previtalispraecer</span> <span class='ocrx_word' id='word_1_91' title='bbox 2079 845 2234 905; x_wconf 78' lang='lat' dir='ltr'>illam,</span> <span class='ocrx_word' id='word_1_92' title='bbox 2245 845 2336 908; x_wconf 86' lang='lat' dir='ltr'>seu</span> <span class='ocrx_word' id='word_1_93' title='bbox 2357 847 2426 898; x_wconf 81' lang='lat' dir='ltr'>il-</span> 
     </span>
     <span class='ocr_line' id='line_1_11' title="bbox 623 907 2427 979; baseline 0.003 -24"><span class='ocrx_word' id='word_1_94' title='bbox 623 910 696 958; x_wconf 87' lang='lat' dir='ltr'>las</span> <span class='ocrx_word' id='word_1_95' title='bbox 719 910 787 954; x_wconf 85' lang='lat' dir='ltr'>eis</span> <span class='ocrx_word' id='word_1_96' title='bbox 801 907 906 971; x_wconf 83' lang='lat' dir='ltr'>jam</span> <span class='ocrx_word' id='word_1_97' title='bbox 928 907 1112 954; x_wconf 77' lang='lat' dir='ltr'>debitas</span> <span class='ocrx_word' id='word_1_98' title='bbox 1132 908 1195 953; x_wconf 84' lang='lat' dir='ltr'>ad</span> <span class='ocrx_word' id='word_1_99' title='bbox 1198 907 1407 969; x_wconf 82' lang='lat' dir='ltr'>formam</span> <span class='ocrx_word' id='word_1_100' title='bbox 1427 907 1587 955; x_wconf 79' lang='lat' dir='ltr'>ultimi</span> <span class='ocrx_word' id='word_1_101' title='bbox 1621 909 1853 974; x_wconf 71' lang='lat' dir='ltr'>Judicati</span> <span class='ocrx_word' id='word_1_102' title='bbox 1877 945 1887 963; x_wconf 87' lang='lat'><strong>‚</strong></span> <span class='ocrx_word' id='word_1_103' title='bbox 1920 913 1981 966; x_wconf 62' lang='grc' dir='ltr'>ὠ·</span> <span class='ocrx_word' id='word_1_104' title='bbox 1999 914 2052 960; x_wconf 82' lang='lat' dir='ltr'>in</span> <span class='ocrx_word' id='word_1_105' title='bbox 2074 930 2168 978; x_wconf 80' lang='lat' dir='ltr'>qua</span> <span class='ocrx_word' id='word_1_106' title='bbox 2193 916 2385 979; x_wconf 81' lang='lat' dir='ltr'>summa</span> <span class='ocrx_word' id='word_1_107' title='bbox 2410 949 2427 975; x_wconf 83' lang='lat'><em>,</em></span> 
     </span>
     <span class='ocr_line' id='line_1_12' title="bbox 616 974 2428 1047; baseline 0.008 -25"><span class='ocrx_word' id='word_1_108' title='bbox 616 978 1073 1046; x_wconf 63' lang='lat' dir='ltr'>praeviaquatenus</span> <span class='ocrx_word' id='word_1_109' title='bbox 1097 974 1553 1043; x_wconf 66' lang='lat' dir='ltr'>opus‚Derogatioae</span> <span class='ocrx_word' id='word_1_110' title='bbox 1571 980 1872 1047; x_wconf 51' lang='lat' dir='ltr'>dispostrioni}</span> <span class='ocrx_word' id='word_1_111' title='bbox 1892 979 2107 1044; x_wconf 65' lang='lat' dir='ltr'>Joanm‘s</span> <span class='ocrx_word' id='word_1_112' title='bbox 2127 984 2272 1040; x_wconf 73' lang='lat' dir='ltr'>Petri</span> <span class='ocrx_word' id='word_1_113' title='bbox 2289 984 2388 1040; x_wconf 66' lang='lat' dir='ltr'>Fre</span> <span class='ocrx_word' id='word_1_114' title='bbox 2402 1012 2428 1028; x_wconf 67' lang='grc' dir='ltr'>ι-</span> 
     </span>
     <span class='ocr_line' id='line_1_13' title="bbox 625 1046 1133 1110; baseline -0.002 -16"><span class='ocrx_word' id='word_1_115' title='bbox 625 1046 803 1102; x_wconf 64' lang='lat' dir='ltr'>vitalis</span> <span class='ocrx_word' id='word_1_116' title='bbox 825 1048 877 1093; x_wconf 76' lang='lat' dir='ltr'>in</span> <span class='ocrx_word' id='word_1_117' title='bbox 898 1047 1008 1110; x_wconf 85' lang='lat' dir='ltr'>casu</span> <span class='ocrx_word' id='word_1_118' title='bbox 1025 1048 1133 1101; x_wconf 50' lang='lat' dir='ltr'>&amp;a</span> 
     </span>
    </p>
   </div>
   <div class='ocr_carea' id='block_1_2' title="bbox 738 1206 1106 1276">
    <p class='ocr_par' dir='ltr' id='par_1_3' title="bbox 738 1206 1106 1276">
     <span class='ocr_line' id='line_1_14' title="bbox 738 1206 1106 1276; baseline -0.019 -11"><span class='ocrx_word' id='word_1_119' title='bbox 738 1206 1025 1276; x_wconf 47' lang='lat' dir='ltr'>Negative.)</span> <span class='ocrx_word' id='word_1_120' title='bbox 1103 1238 1106 1239; x_wconf 27' lang='grc' dir='ltr'><em>ν</em></span> 
     </span>
    </p>
   </div>
   <div class='ocr_carea' id='block_1_3' title="bbox 233 1675 2430 3695">
    <p class='ocr_par' dir='ltr' id='par_1_4' title="bbox 233 1675 2430 3695">
     <span class='ocr_line' id='line_1_15' title="bbox 287 1675 2419 1749; baseline 0.002 -17"><span class='ocrx_word' id='word_1_121' title='bbox 287 1691 503 1744; x_wconf 55' lang='lat' dir='ltr'>Sesea-m.</span> <span class='ocrx_word' id='word_1_122' title='bbox 703 1675 991 1732; x_wconf 69' lang='lat' dir='ltr'>USCANA</span> <span class='ocrx_word' id='word_1_123' title='bbox 1034 1697 1045 1732; x_wconf 90' lang='lat'><strong>:</strong></span> <span class='ocrx_word' id='word_1_124' title='bbox 1082 1678 1257 1734; x_wconf 61' lang='lat' dir='ltr'>Erefla</span> <span class='ocrx_word' id='word_1_125' title='bbox 1297 1680 1393 1737; x_wconf 88' lang='lat' dir='ltr'>fuit</span> <span class='ocrx_word' id='word_1_126' title='bbox 1426 1701 1453 1737; x_wconf 86' lang='lat' dir='ltr'>a</span> <span class='ocrx_word' id='word_1_127' title='bbox 1486 1683 1719 1736; x_wconf 85' lang='lat' dir='ltr'>Nuscano</span> <span class='ocrx_word' id='word_1_128' title='bbox 1771 1681 2023 1749; x_wconf 72' lang='lat' dir='ltr'>Episcopo</span> <span class='ocrx_word' id='word_1_129' title='bbox 2062 1683 2207 1737; x_wconf 89' lang='lat' dir='ltr'>initio</span> <span class='ocrx_word' id='word_1_130' title='bbox 2245 1683 2419 1737; x_wconf 75' lang='lat' dir='ltr'>saeculi</span> 
     </span>
     <span class='ocr_line' id='line_1_16' title="bbox 233 1746 2418 1817; baseline 0.003 -19"><span class='ocrx_word' id='word_1_131' title='bbox 233 1746 363 1798; x_wconf 60' lang='lat' dir='ltr'>denf,</span> <span class='ocrx_word' id='word_1_132' title='bbox 720 1747 857 1800; x_wconf 86' lang='lat' dir='ltr'>XVl.</span> <span class='ocrx_word' id='word_1_133' title='bbox 876 1751 923 1799; x_wconf 89' lang='lat' dir='ltr'>in</span> <span class='ocrx_word' id='word_1_134' title='bbox 941 1750 1282 1817; x_wconf 79' lang='lat' dir='ltr'>collegiatam</span> <span class='ocrx_word' id='word_1_135' title='bbox 1307 1754 1522 1806; x_wconf 77' lang='lat' dir='ltr'>Ecclesia</span> <span class='ocrx_word' id='word_1_136' title='bbox 1542 1754 1851 1807; x_wconf 85' lang='lat' dir='ltr'>Parochialis</span> <span class='ocrx_word' id='word_1_137' title='bbox 1890 1758 1937 1808; x_wconf 79' lang='lat' dir='ltr'>S.</span> <span class='ocrx_word' id='word_1_138' title='bbox 1957 1756 2134 1808; x_wconf 83' lang='lat' dir='ltr'>Mariae</span> <span class='ocrx_word' id='word_1_139' title='bbox 2158 1759 2240 1807; x_wconf 81' lang='lat' dir='ltr'>del</span> <span class='ocrx_word' id='word_1_140' title='bbox 2261 1754 2418 1804; x_wconf 80' lang='lat' dir='ltr'>Piano</span> 
     </span>
     <span class='ocr_line' id='line_1_17' title="bbox 621 1814 2423 1888; baseline 0.005 -21"><span class='ocrx_word' id='word_1_141' title='bbox 621 1814 798 1869; x_wconf 71' lang='lat' dir='ltr'>Terre</span> <span class='ocrx_word' id='word_1_142' title='bbox 819 1818 1089 1873; x_wconf 76' lang='lat' dir='ltr'>Montellae</span> <span class='ocrx_word' id='word_1_143' title='bbox 1110 1825 1295 1874; x_wconf 91' lang='lat' dir='ltr'>unione</span> <span class='ocrx_word' id='word_1_144' title='bbox 1317 1826 1409 1875; x_wconf 67' lang='lat'>0830</span> <span class='ocrx_word' id='word_1_145' title='bbox 1425 1825 1798 1878; x_wconf 74' lang='lat' dir='ltr'>parochialium</span> <span class='ocrx_word' id='word_1_146' title='bbox 1823 1825 2179 1878; x_wconf 72' lang='lat' dir='ltr'>Ecclesiarum,</span> <span class='ocrx_word' id='word_1_147' title='bbox 2204 1828 2423 1888; x_wconf 81' lang='lat' dir='ltr'>septem·</span> 
     </span>
     <span class='ocr_line' id='line_1_18' title="bbox 618 1889 2420 1960; baseline 0.004 -23"><span class='ocrx_word' id='word_1_148' title='bbox 618 1901 715 1948; x_wconf 82' lang='lat' dir='ltr'>que</span> <span class='ocrx_word' id='word_1_149' title='bbox 737 1904 834 1938; x_wconf 86' lang='lat' dir='ltr'>non</span> <span class='ocrx_word' id='word_1_150' title='bbox 864 1889 1243 1944; x_wconf 75' lang='lat' dir='ltr'>parochialium</span> <span class='ocrx_word' id='word_1_151' title='bbox 1267 1929 1280 1949; x_wconf 83' lang='lat'><em>‚</em></span> <span class='ocrx_word' id='word_1_152' title='bbox 1318 1909 1426 1960; x_wconf 86' lang='lat' dir='ltr'>quae</span> <span class='ocrx_word' id='word_1_153' title='bbox 1471 1907 1618 1947; x_wconf 67' lang='lat' dir='ltr'>eraut</span> <span class='ocrx_word' id='word_1_154' title='bbox 1656 1907 1739 1948; x_wconf 87' lang='lat' dir='ltr'>aut</span> <span class='ocrx_word' id='word_1_155' title='bbox 1763 1898 1891 1947; x_wconf 85' lang='lat' dir='ltr'>intra</span> <span class='ocrx_word' id='word_1_156' title='bbox 1910 1900 2145 1947; x_wconf 82' lang='lat' dir='ltr'>eamdem</span> <span class='ocrx_word' id='word_1_157' title='bbox 2169 1896 2420 1955; x_wconf 78' lang='lat' dir='ltr'>Terram,</span> 
     </span>
     <span class='ocr_line' id='line_1_19' title="bbox 618 1956 2425 2026; baseline 0.003 -19"><span class='ocrx_word' id='word_1_158' title='bbox 618 1970 702 2008; x_wconf 90' lang='lat' dir='ltr'>aut</span> <span class='ocrx_word' id='word_1_159' title='bbox 728 1957 774 2008; x_wconf 89' lang='lat' dir='ltr'>in</span> <span class='ocrx_word' id='word_1_160' title='bbox 798 1956 902 2021; x_wconf 87' lang='lat' dir='ltr'>ejus</span> <span class='ocrx_word' id='word_1_161' title='bbox 923 1958 1182 2012; x_wconf 86' lang='lat' dir='ltr'>Suburbiis</span> <span class='ocrx_word' id='word_1_162' title='bbox 1210 1997 1225 2013; x_wconf 90' lang='lat'><strong>.</strong></span> <span class='ocrx_word' id='word_1_163' title='bbox 1246 1964 1380 2014; x_wconf 89' lang='lat' dir='ltr'>Cum</span> <span class='ocrx_word' id='word_1_164' title='bbox 1400 1964 1658 2017; x_wconf 52' lang='lat' dir='ltr'>autem‘de</span> <span class='ocrx_word' id='word_1_165' title='bbox 1683 1965 1945 2017; x_wconf 84' lang='lat' dir='ltr'>validitate</span> <span class='ocrx_word' id='word_1_166' title='bbox 1969 1969 2111 2026; x_wconf 63' lang='lat' dir='ltr'>huius</span> <span class='ocrx_word' id='word_1_167' title='bbox 2132 1963 2425 2021; x_wconf 65' lang='lat' dir='ltr'>erceiioniS,</span> 
     </span>
     <span class='ocr_line' id='line_1_20' title="bbox 616 2028 2419 2101; baseline 0.004 -23"><span class='ocrx_word' id='word_1_168' title='bbox 616 2037 765 2090; x_wconf 77' lang='lat' dir='ltr'>atque</span> <span class='ocrx_word' id='word_1_169' title='bbox 802 2028 999 2081; x_wconf 82' lang='lat' dir='ltr'>unionis</span> <span class='ocrx_word' id='word_1_170' title='bbox 1037 2033 1146 2089; x_wconf 86' lang='lat' dir='ltr'>jure</span> <span class='ocrx_word' id='word_1_171' title='bbox 1181 2031 1495 2086; x_wconf 84' lang='lat' dir='ltr'>dubitaretur</span> <span class='ocrx_word' id='word_1_172' title='bbox 1518 2069 1533 2093; x_wconf 92' lang='lat'>,</span> <span class='ocrx_word' id='word_1_173' title='bbox 1568 2034 1787 2101; x_wconf 80' lang='lat' dir='ltr'>Magnus</span> <span class='ocrx_word' id='word_1_174' title='bbox 1826 2035 1912 2088; x_wconf 92' lang='lat' dir='ltr'>ille</span> <span class='ocrx_word' id='word_1_175' title='bbox 1950 2032 2180 2086; x_wconf 85' lang='lat' dir='ltr'>Pontifex</span> <span class='ocrx_word' id='word_1_176' title='bbox 2225 2033 2331 2086; x_wconf 86' lang='lat' dir='ltr'>Leo</span> <span class='ocrx_word' id='word_1_177' title='bbox 2359 2032 2419 2085; x_wconf 80' lang='lat' dir='ltr'>X.</span> 
     </span>
     <span class='ocr_line' id='line_1_21' title="bbox 619 2098 2420 2166; baseline 0.002 -18"><span class='ocrx_word' id='word_1_178' title='bbox 619 2098 779 2148; x_wconf 84' lang='lat' dir='ltr'>Anno</span> <span class='ocrx_word' id='word_1_179' title='bbox 805 2117 819 2146; x_wconf 91' lang='lat'>1</span> <span class='ocrx_word' id='word_1_180' title='bbox 838 2115 862 2164; x_wconf 81' lang='grc' dir='ltr'><em>ς</em></span> <span class='ocrx_word' id='word_1_181' title='bbox 878 2120 891 2151; x_wconf 89' lang='lat'>1</span> <span class='ocrx_word' id='word_1_182' title='bbox 909 2116 954 2162; x_wconf 80' lang='grc' dir='ltr'>ς.</span> <span class='ocrx_word' id='word_1_183' title='bbox 975 2099 1343 2151; x_wconf 79' lang='lat' dir='ltr'>Constitutione</span> <span class='ocrx_word' id='word_1_184' title='bbox 1367 2102 1444 2152; x_wconf 87' lang='lat' dir='ltr'>sua</span> <span class='ocrx_word' id='word_1_185' title='bbox 1468 2103 1786 2156; x_wconf 57' lang='lat' dir='ltr'>Eree&#39;tionem</span> <span class='ocrx_word' id='word_1_186' title='bbox 1808 2142 1821 2162; x_wconf 94' lang='lat'>,</span> <span class='ocrx_word' id='word_1_187' title='bbox 1839 2116 1986 2166; x_wconf 82' lang='lat' dir='ltr'>atque</span> <span class='ocrx_word' id='word_1_188' title='bbox 2010 2105 2269 2157; x_wconf 86' lang='lat' dir='ltr'>Unionem</span> <span class='ocrx_word' id='word_1_189' title='bbox 2296 2118 2420 2153; x_wconf 74' lang='lat' dir='ltr'>con-</span> 
     </span>
     <span class='ocr_line' id='line_1_22' title="bbox 617 2165 2413 2239; baseline 0.003 -22"><span class='ocrx_word' id='word_1_190' title='bbox 617 2166 837 2217; x_wconf 84' lang='lat' dir='ltr'>firmavit</span> <span class='ocrx_word' id='word_1_191' title='bbox 863 2202 877 2216; x_wconf 91' lang='lat'><strong>.</strong></span> <span class='ocrx_word' id='word_1_192' title='bbox 911 2168 1063 2218; x_wconf 84' lang='lat' dir='ltr'>Erant</span> <span class='ocrx_word' id='word_1_193' title='bbox 1081 2165 1130 2217; x_wconf 86' lang='lat' dir='ltr'>in</span> <span class='ocrx_word' id='word_1_194' title='bbox 1151 2183 1208 2220; x_wconf 87' lang='lat' dir='ltr'>ea</span> <span class='ocrx_word' id='word_1_195' title='bbox 1228 2167 1516 2235; x_wconf 81' lang='lat' dir='ltr'>Collegiata</span> <span class='ocrx_word' id='word_1_196' title='bbox 1542 2170 1973 2239; x_wconf 83' lang='lat' dir='ltr'>Archipresbyter</span> <span class='ocrx_word' id='word_1_197' title='bbox 1996 2212 2013 2236; x_wconf 85' lang='lat'>‚</span> <span class='ocrx_word' id='word_1_198' title='bbox 2046 2172 2376 2225; x_wconf 83' lang='lat' dir='ltr'>Primicerius</span> <span class='ocrx_word' id='word_1_199' title='bbox 2397 2205 2413 2228; x_wconf 90' lang='lat'>,</span> 
     </span>
     <span class='ocr_line' id='line_1_23' title="bbox 618 2234 2430 2307; baseline 0.002 -20"><span class='ocrx_word' id='word_1_200' title='bbox 618 2234 663 2286; x_wconf 72' lang='grc'>8(</span> <span class='ocrx_word' id='word_1_201' title='bbox 686 2235 956 2287; x_wconf 84' lang='lat' dir='ltr'>duodecim</span> <span class='ocrx_word' id='word_1_202' title='bbox 998 2234 1281 2293; x_wconf 83' lang='lat' dir='ltr'>Canonici:</span> <span class='ocrx_word' id='word_1_203' title='bbox 1329 2239 1753 2307; x_wconf 81' lang='lat' dir='ltr'>Archipresbytet</span> <span class='ocrx_word' id='word_1_204' title='bbox 1787 2243 1905 2294; x_wconf 87' lang='lat' dir='ltr'>duas</span> <span class='ocrx_word' id='word_1_205' title='bbox 1941 2243 2272 2294; x_wconf 85' lang='lat' dir='ltr'>Canonicales</span> <span class='ocrx_word' id='word_1_206' title='bbox 2302 2257 2430 2306; x_wconf 86' lang='lat' dir='ltr'>por-</span> 
     </span>
     <span class='ocr_line' id='line_1_24' title="bbox 617 2303 2417 2373; baseline 0.006 -19"><span class='ocrx_word' id='word_1_207' title='bbox 617 2303 781 2356; x_wconf 87' lang='lat' dir='ltr'>tiones</span> <span class='ocrx_word' id='word_1_208' title='bbox 805 2306 1111 2369; x_wconf 87' lang='lat' dir='ltr'>accipiebat,</span> <span class='ocrx_word' id='word_1_209' title='bbox 1150 2304 1235 2359; x_wconf 87' lang='lat' dir='ltr'>sed</span> <span class='ocrx_word' id='word_1_210' title='bbox 1260 2326 1374 2360; x_wconf 86' lang='lat' dir='ltr'>cum</span> <span class='ocrx_word' id='word_1_211' title='bbox 1401 2322 1572 2362; x_wconf 87' lang='lat' dir='ltr'>tenues</span> <span class='ocrx_word' id='word_1_212' title='bbox 1595 2312 1751 2362; x_wconf 87' lang='lat' dir='ltr'>effent</span> <span class='ocrx_word' id='word_1_213' title='bbox 1789 2310 2010 2364; x_wconf 86' lang='lat' dir='ltr'>redditus</span> <span class='ocrx_word' id='word_1_214' title='bbox 2031 2350 2046 2373; x_wconf 91' lang='lat'>,</span> <span class='ocrx_word' id='word_1_215' title='bbox 2085 2314 2201 2364; x_wconf 88' lang='lat' dir='ltr'>ideo</span> <span class='ocrx_word' id='word_1_216' title='bbox 2227 2311 2332 2364; x_wconf 81' lang='lat' dir='ltr'>Leo</span> <span class='ocrx_word' id='word_1_217' title='bbox 2353 2311 2417 2364; x_wconf 89' lang='lat' dir='ltr'>X.</span> 
     </span>
     <span class='ocr_line' id='line_1_25' title="bbox 617 2371 2421 2446; baseline 0.004 -21"><span class='ocrx_word' id='word_1_218' title='bbox 617 2371 747 2425; x_wconf 86' lang='lat' dir='ltr'>duos</span> <span class='ocrx_word' id='word_1_219' title='bbox 774 2374 1114 2429; x_wconf 81' lang='lat' dir='ltr'>Canonicatus</span> <span class='ocrx_word' id='word_1_220' title='bbox 1137 2382 1360 2441; x_wconf 74' lang='lat' dir='ltr'>primum</span> <span class='ocrx_word' id='word_1_221' title='bbox 1382 2377 1639 2446; x_wconf 85' lang='lat' dir='ltr'>suppreffit</span> <span class='ocrx_word' id='word_1_222' title='bbox 1666 2416 1680 2437; x_wconf 88' lang='lat'>‚</span> <span class='ocrx_word' id='word_1_223' title='bbox 1713 2381 1827 2434; x_wconf 87' lang='lat' dir='ltr'>iude</span> <span class='ocrx_word' id='word_1_224' title='bbox 1852 2384 2035 2433; x_wconf 84' lang='lat' dir='ltr'>minuit</span> <span class='ocrx_word' id='word_1_225' title='bbox 2056 2383 2209 2434; x_wconf 86' lang='lat' dir='ltr'>etiam</span> <span class='ocrx_word' id='word_1_226' title='bbox 2244 2383 2421 2432; x_wconf 85' lang='lat' dir='ltr'>reddi·-</span> 
     </span>
     <span class='ocr_line' id='line_1_26' title="bbox 618 2445 2412 2512; baseline 0.005 -18"><span class='ocrx_word' id='word_1_227' title='bbox 618 2453 696 2495; x_wconf 84' lang='lat' dir='ltr'>tus</span> <span class='ocrx_word' id='word_1_228' title='bbox 714 2445 1211 2512; x_wconf 83' lang='lat' dir='ltr'>Archipresbytem,</span> <span class='ocrx_word' id='word_1_229' title='bbox 1244 2461 1501 2506; x_wconf 73' lang='lat' dir='ltr'>prunam,</span> <span class='ocrx_word' id='word_1_230' title='bbox 1542 2448 1586 2501; x_wconf 72' lang='grc'>8(</span> <span class='ocrx_word' id='word_1_231' title='bbox 1620 2451 1885 2503; x_wconf 82' lang='lat' dir='ltr'>dimidiam</span> <span class='ocrx_word' id='word_1_232' title='bbox 1930 2451 2135 2503; x_wconf 86' lang='lat' dir='ltr'>tolleret</span> <span class='ocrx_word' id='word_1_233' title='bbox 2178 2451 2412 2504; x_wconf 82' lang='lat' dir='ltr'>Canoni-</span> 
     </span>
     <span class='ocr_line' id='line_1_27' title="bbox 620 2512 2419 2578; baseline 0.002 -12"><span class='ocrx_word' id='word_1_234' title='bbox 620 2512 782 2566; x_wconf 84' lang='lat' dir='ltr'>calem</span> <span class='ocrx_word' id='word_1_235' title='bbox 809 2516 1101 2578; x_wconf 87' lang='lat' dir='ltr'>portionem</span> <span class='ocrx_word' id='word_1_236' title='bbox 1126 2554 1139 2568; x_wconf 90' lang='lat'><strong>.</strong></span> <span class='ocrx_word' id='word_1_237' title='bbox 1183 2517 1291 2571; x_wconf 88' lang='lat' dir='ltr'>Hac</span> <span class='ocrx_word' id='word_1_238' title='bbox 1311 2519 1514 2571; x_wconf 90' lang='lat' dir='ltr'>Unione</span> <span class='ocrx_word' id='word_1_239' title='bbox 1540 2537 1658 2573; x_wconf 87' lang='lat' dir='ltr'>cura</span> <span class='ocrx_word' id='word_1_240' title='bbox 1678 2522 1961 2574; x_wconf 84' lang='lat' dir='ltr'>animarum</span> <span class='ocrx_word' id='word_1_241' title='bbox 1989 2517 2344 2574; x_wconf 80' lang='lat' dir='ltr'>translatafuit</span> <span class='ocrx_word' id='word_1_242' title='bbox 2365 2523 2419 2571; x_wconf 88' lang='lat' dir='ltr'>in</span> 
     </span>
     <span class='ocr_line' id='line_1_28' title="bbox 617 2581 2417 2659; baseline 0.005 -27"><span class='ocrx_word' id='word_1_243' title='bbox 617 2581 916 2647; x_wconf 72' lang='lat' dir='ltr'>Capitulum</span> <span class='ocrx_word' id='word_1_244' title='bbox 937 2620 948 2641; x_wconf 70' lang='grc'>,</span> <span class='ocrx_word' id='word_1_245' title='bbox 990 2586 1122 2643; x_wconf 81' lang='lat' dir='ltr'>nuod</span> <span class='ocrx_word' id='word_1_246' title='bbox 1154 2588 1464 2640; x_wconf 75' lang='lat' dir='ltr'>habitualem</span> <span class='ocrx_word' id='word_1_247' title='bbox 1506 2593 1654 2644; x_wconf 85' lang='lat' dir='ltr'>habet</span> <span class='ocrx_word' id='word_1_248' title='bbox 1677 2627 1687 2639; x_wconf 90' lang='lat'>.</span> <span class='ocrx_word' id='word_1_249' title='bbox 1738 2590 1962 2643; x_wconf 61' lang='lat' dir='ltr'>Afflualis</span> <span class='ocrx_word' id='word_1_250' title='bbox 2003 2591 2190 2659; x_wconf 84' lang='lat' dir='ltr'>dudum</span> <span class='ocrx_word' id='word_1_251' title='bbox 2209 2605 2417 2642; x_wconf 81' lang='lat' dir='ltr'>exerce·</span> 
     </span>
     <span class='ocr_line' id='line_1_29' title="bbox 616 2655 2408 2724; baseline 0.002 -18"><span class='ocrx_word' id='word_1_252' title='bbox 616 2656 761 2706; x_wconf 87' lang='lat' dir='ltr'>batur</span> <span class='ocrx_word' id='word_1_253' title='bbox 782 2658 840 2707; x_wconf 88' lang='lat' dir='ltr'>ab</span> <span class='ocrx_word' id='word_1_254' title='bbox 866 2655 1331 2724; x_wconf 60' lang='lat' dir='ltr'>Archiriresbytero</span> <span class='ocrx_word' id='word_1_255' title='bbox 1352 2694 1365 2716; x_wconf 90' lang='lat'>‚</span> <span class='ocrx_word' id='word_1_256' title='bbox 1405 2658 1447 2710; x_wconf 75' lang='grc' dir='ltr'>ἃ</span> <span class='ocrx_word' id='word_1_257' title='bbox 1470 2659 1662 2713; x_wconf 77' lang='lat' dir='ltr'>duobu5</span> <span class='ocrx_word' id='word_1_258' title='bbox 1680 2658 1946 2714; x_wconf 86' lang='lat' dir='ltr'>Canonicis</span> <span class='ocrx_word' id='word_1_259' title='bbox 1968 2698 1980 2721; x_wconf 96' lang='lat'>,</span> <span class='ocrx_word' id='word_1_260' title='bbox 2019 2663 2134 2714; x_wconf 87' lang='lat' dir='ltr'>inde</span> <span class='ocrx_word' id='word_1_261' title='bbox 2158 2678 2276 2714; x_wconf 85' lang='lat' dir='ltr'>vero</span> <span class='ocrx_word' id='word_1_262' title='bbox 2299 2668 2408 2718; x_wconf 76' lang='lat' dir='ltr'>jux·</span> 
     </span>
     <span class='ocr_line' id='line_1_30' title="bbox 619 2721 2401 2794; baseline 0.004 -19"><span class='ocrx_word' id='word_1_263' title='bbox 619 2736 666 2775; x_wconf 85' lang='lat' dir='ltr'>ta</span> <span class='ocrx_word' id='word_1_264' title='bbox 691 2721 874 2776; x_wconf 80' lang='lat' dir='ltr'>Leonis</span> <span class='ocrx_word' id='word_1_265' title='bbox 895 2725 956 2779; x_wconf 89' lang='lat' dir='ltr'>X.</span> <span class='ocrx_word' id='word_1_266' title='bbox 978 2727 1399 2780; x_wconf 75' lang='lat' dir='ltr'>Constitutionem</span> <span class='ocrx_word' id='word_1_267' title='bbox 1422 2732 1666 2792; x_wconf 82' lang='lat' dir='ltr'>praepofiti</span> <span class='ocrx_word' id='word_1_268' title='bbox 1689 2727 1897 2784; x_wconf 73' lang='lat' dir='ltr'>fuerunt.</span> <span class='ocrx_word' id='word_1_269' title='bbox 1914 2769 1927 2790; x_wconf 89' lang='lat'>‚</span> <span class='ocrx_word' id='word_1_270' title='bbox 1966 2732 2014 2785; x_wconf 75' lang='lat' dir='ltr'>Sc</span> <span class='ocrx_word' id='word_1_271' title='bbox 2040 2748 2169 2783; x_wconf 85' lang='lat' dir='ltr'>nunc</span> <span class='ocrx_word' id='word_1_272' title='bbox 2211 2745 2401 2794; x_wconf 74' lang='lat' dir='ltr'>praepo·</span> 
     </span>
     <span class='ocr_line' id='line_1_31' title="bbox 619 2794 2419 2864; baseline 0.003 -19"><span class='ocrx_word' id='word_1_273' title='bbox 619 2806 803 2846; x_wconf 81' lang='lat' dir='ltr'>nuntur</span> <span class='ocrx_word' id='word_1_274' title='bbox 824 2813 847 2846; x_wconf 90' lang='lat' dir='ltr'>a</span> <span class='ocrx_word' id='word_1_275' title='bbox 865 2794 1103 2858; x_wconf 89' lang='lat' dir='ltr'>Capitulo</span> <span class='ocrx_word' id='word_1_276' title='bbox 1122 2797 1321 2864; x_wconf 69' lang='lat' dir='ltr'>lingulis</span> <span class='ocrx_word' id='word_1_277' title='bbox 1340 2799 1438 2850; x_wconf 84' lang='lat' dir='ltr'>illis</span> <span class='ocrx_word' id='word_1_278' title='bbox 1457 2798 1573 2852; x_wconf 69' lang='grc' dir='ltr'>οξίο</span> <span class='ocrx_word' id='word_1_279' title='bbox 1599 2802 1970 2853; x_wconf 75' lang='lat' dir='ltr'>parochialibus</span> <span class='ocrx_word' id='word_1_280' title='bbox 2007 2799 2197 2851; x_wconf 88' lang='lat' dir='ltr'>Vicarii</span> <span class='ocrx_word' id='word_1_281' title='bbox 2235 2799 2294 2850; x_wconf 88' lang='lat' dir='ltr'>ad</span> <span class='ocrx_word' id='word_1_282' title='bbox 2322 2816 2419 2851; x_wconf 81' lang='lat' dir='ltr'>nu·-</span> 
     </span>
     <span class='ocr_line' id='line_1_32' title="bbox 618 2865 2413 2935; baseline 0.004 -23"><span class='ocrx_word' id='word_1_283' title='bbox 618 2874 728 2913; x_wconf 86' lang='lat' dir='ltr'>tum</span> <span class='ocrx_word' id='word_1_284' title='bbox 768 2866 1067 2920; x_wconf 81' lang='lat' dir='ltr'>amovibiles</span> <span class='ocrx_word' id='word_1_285' title='bbox 1092 2865 1412 2931; x_wconf 76' lang='lat' dir='ltr'>,tenuissimo</span> <span class='ocrx_word' id='word_1_286' title='bbox 1445 2885 1609 2922; x_wconf 88' lang='lat' dir='ltr'>annuo</span> <span class='ocrx_word' id='word_1_287' title='bbox 1631 2871 1866 2935; x_wconf 84' lang='lat' dir='ltr'>stipendio</span> <span class='ocrx_word' id='word_1_288' title='bbox 1910 2867 2031 2920; x_wconf 73' lang='grc' dir='ltr'>οξὶο</span> <span class='ocrx_word' id='word_1_289' title='bbox 2070 2869 2371 2921; x_wconf 83' lang='lat' dir='ltr'>ducatorum</span> <span class='ocrx_word' id='word_1_290' title='bbox 2396 2904 2413 2919; x_wconf 91' lang='lat'><strong>.</strong></span> 
     </span>
     <span class='ocr_line' id='line_1_33' title="bbox 617 2931 2415 3007; baseline 0.007 -26"><span class='ocrx_word' id='word_1_291' title='bbox 617 2933 790 2981; x_wconf 88' lang='lat' dir='ltr'>Suevit</span> <span class='ocrx_word' id='word_1_292' title='bbox 827 2931 1121 2999; x_wconf 78' lang='lat' dir='ltr'>Capitulum</span> <span class='ocrx_word' id='word_1_293' title='bbox 1164 2938 1374 2989; x_wconf 86' lang='lat' dir='ltr'>Sacrum</span> <span class='ocrx_word' id='word_1_294' title='bbox 1412 2937 1766 2992; x_wconf 84' lang='lat' dir='ltr'>Conventuale</span> <span class='ocrx_word' id='word_1_295' title='bbox 1800 2955 1886 3007; x_wconf 80' lang='lat' dir='ltr'>pro</span> <span class='ocrx_word' id='word_1_296' title='bbox 1912 2937 2332 3001; x_wconf 68' lang='lat' dir='ltr'>Benefatzorihus,</span> <span class='ocrx_word' id='word_1_297' title='bbox 2369 2938 2415 2990; x_wconf 73' lang='grc' dir='ltr'>ὅ(</span> 
     </span>
     <span class='ocr_line' id='line_1_34' title="bbox 622 2999 2416 3074; baseline 0.006 -26"><span class='ocrx_word' id='word_1_298' title='bbox 622 3003 725 3062; x_wconf 81' lang='lat' dir='ltr'>post</span> <span class='ocrx_word' id='word_1_299' title='bbox 746 2999 934 3055; x_wconf 79' lang='lat' dir='ltr'>Literas</span> <span class='ocrx_word' id='word_1_300' title='bbox 953 3005 1251 3073; x_wconf 84' lang='lat' dir='ltr'>Encyclicas</span> <span class='ocrx_word' id='word_1_301' title='bbox 1290 3007 1607 3060; x_wconf 79' lang='lat' dir='ltr'>Sacratiffirni</span> <span class='ocrx_word' id='word_1_302' title='bbox 1634 3009 1880 3074; x_wconf 85' lang='lat' dir='ltr'>Principis</span> <span class='ocrx_word' id='word_1_303' title='bbox 1921 3009 2071 3057; x_wconf 85' lang='lat' dir='ltr'>nostri</span> <span class='ocrx_word' id='word_1_304' title='bbox 2103 3009 2239 3059; x_wconf 79' lang='lat' dir='ltr'>aliud</span> <span class='ocrx_word' id='word_1_305' title='bbox 2260 3007 2416 3059; x_wconf 74' lang='lat' dir='ltr'>eiiam</span> 
     </span>
     <span class='ocr_line' id='line_1_35' title="bbox 616 3069 2418 3141; baseline 0.01 -26"><span class='ocrx_word' id='word_1_306' title='bbox 616 3081 704 3136; x_wconf 82' lang='lat' dir='ltr'>pro</span> <span class='ocrx_word' id='word_1_307' title='bbox 726 3069 902 3137; x_wconf 76' lang='lat' dir='ltr'>Populo</span> <span class='ocrx_word' id='word_1_308' title='bbox 919 3091 1070 3139; x_wconf 75' lang='lat' dir='ltr'>agere</span> <span class='ocrx_word' id='word_1_309' title='bbox 1097 3095 1114 3129; x_wconf 53' lang='lat'>:¹</span> <span class='ocrx_word' id='word_1_310' title='bbox 1139 3075 1216 3128; x_wconf 83' lang='lat' dir='ltr'>sed</span> <span class='ocrx_word' id='word_1_311' title='bbox 1241 3080 1289 3129; x_wconf 89' lang='lat' dir='ltr'>in</span> <span class='ocrx_word' id='word_1_312' title='bbox 1317 3094 1498 3139; x_wconf 87' lang='lat' dir='ltr'>nupera</span> <span class='ocrx_word' id='word_1_313' title='bbox 1522 3079 1820 3130; x_wconf 87' lang='lat' dir='ltr'>Visitatione</span> <span class='ocrx_word' id='word_1_314' title='bbox 1839 3078 2069 3129; x_wconf 88' lang='lat' dir='ltr'>decrevit</span> <span class='ocrx_word' id='word_1_315' title='bbox 2114 3076 2382 3141; x_wconf 83' lang='lat' dir='ltr'>Episcopus</span> <span class='ocrx_word' id='word_1_316' title='bbox 2403 3109 2418 3133; x_wconf 72' lang='lat'>‚</span> 
     </span>
     <span class='ocr_line' id='line_1_36' title="bbox 627 3143 2424 3214; baseline 0.003 -24"><span class='ocrx_word' id='word_1_317' title='bbox 627 3151 677 3190; x_wconf 85' lang='lat' dir='ltr'>ut</span> <span class='ocrx_word' id='word_1_318' title='bbox 701 3151 776 3189; x_wconf 87' lang='lat' dir='ltr'>tot</span> <span class='ocrx_word' id='word_1_319' title='bbox 800 3157 1074 3194; x_wconf 57' lang='lat' dir='ltr'>agerentur</span> <span class='ocrx_word' id='word_1_320' title='bbox 1097 3143 1235 3199; x_wconf 85' lang='lat' dir='ltr'>Sacra</span> <span class='ocrx_word' id='word_1_321' title='bbox 1249 3163 1336 3214; x_wconf 85' lang='lat' dir='ltr'>pro</span> <span class='ocrx_word' id='word_1_322' title='bbox 1362 3149 1534 3214; x_wconf 84' lang='lat' dir='ltr'>Populo</span> <span class='ocrx_word' id='word_1_323' title='bbox 1550 3148 1725 3198; x_wconf 89' lang='lat' dir='ltr'>diebus</span> <span class='ocrx_word' id='word_1_324' title='bbox 1751 3147 1897 3199; x_wconf 82' lang='lat' dir='ltr'>Pestis</span> <span class='ocrx_word' id='word_1_325' title='bbox 1917 3185 1933 3208; x_wconf 86' lang='lat'><strong>‚</strong></span> <span class='ocrx_word' id='word_1_326' title='bbox 1979 3159 2103 3211; x_wconf 86' lang='lat' dir='ltr'>quot</span> <span class='ocrx_word' id='word_1_327' title='bbox 2133 3147 2238 3199; x_wconf 82' lang='lat' dir='ltr'>lunt</span> <span class='ocrx_word' id='word_1_328' title='bbox 2263 3148 2424 3197; x_wconf 85' lang='lat' dir='ltr'>Paro·-</span> 
     </span>
     <span class='ocr_line' id='line_1_37' title="bbox 620 3207 2421 3278; baseline 0.007 -20"><span class='ocrx_word' id='word_1_329' title='bbox 620 3207 805 3259; x_wconf 77' lang='lat' dir='ltr'>chiales</span> <span class='ocrx_word' id='word_1_330' title='bbox 824 3210 1047 3264; x_wconf 76' lang='lat' dir='ltr'>Ecclesiae</span> <span class='ocrx_word' id='word_1_331' title='bbox 1070 3216 1217 3264; x_wconf 82' lang='lat' dir='ltr'>unitae</span> <span class='ocrx_word' id='word_1_332' title='bbox 1239 3253 1251 3265; x_wconf 92' lang='lat'><strong>.</strong></span> <span class='ocrx_word' id='word_1_333' title='bbox 1288 3217 1597 3268; x_wconf 86' lang='lat' dir='ltr'>Commovit</span> <span class='ocrx_word' id='word_1_334' title='bbox 1622 3215 1912 3277; x_wconf 82' lang='lat' dir='ltr'>Capitulum</span> <span class='ocrx_word' id='word_1_335' title='bbox 1947 3219 2043 3268; x_wconf 85' lang='lat' dir='ltr'>hoc</span> <span class='ocrx_word' id='word_1_336' title='bbox 2080 3234 2202 3268; x_wconf 84' lang='lat' dir='ltr'>onus</span> <span class='ocrx_word' id='word_1_337' title='bbox 2225 3255 2239 3278; x_wconf 82' lang='lat'>,</span> <span class='ocrx_word' id='word_1_338' title='bbox 2281 3216 2421 3270; x_wconf 69' lang='lat' dir='ltr'>dela-</span> 
     </span>
     <span class='ocr_line' id='line_1_38' title="bbox 621 3273 2411 3350; baseline 0.006 -25"><span class='ocrx_word' id='word_1_339' title='bbox 621 3273 1029 3341; x_wconf 80' lang='lat' dir='ltr'>tisqueprecibus</span> <span class='ocrx_word' id='word_1_340' title='bbox 1065 3283 1537 3336; x_wconf 81' lang='lat' dir='ltr'>SANCTlSSlMO</span> <span class='ocrx_word' id='word_1_341' title='bbox 1578 3285 1877 3337; x_wconf 87' lang='lat' dir='ltr'>DOMINO</span> <span class='ocrx_word' id='word_1_342' title='bbox 1922 3285 2208 3339; x_wconf 78' lang='lat' dir='ltr'>NOSTRO</span> <span class='ocrx_word' id='word_1_343' title='bbox 2244 3289 2411 3350; x_wconf 69' lang='grc' dir='ltr'>Γοίὶυ·</span> 
     </span>
     <span class='ocr_line' id='line_1_39' title="bbox 620 3344 2408 3420; baseline 0.007 -26"><span class='ocrx_word' id='word_1_344' title='bbox 620 3344 744 3397; x_wconf 84' lang='lat' dir='ltr'>lavit</span> <span class='ocrx_word' id='word_1_345' title='bbox 767 3351 826 3398; x_wconf 90' lang='lat' dir='ltr'>ab</span> <span class='ocrx_word' id='word_1_346' title='bbox 848 3352 943 3400; x_wconf 85' lang='lat' dir='ltr'>hoe</span> <span class='ocrx_word' id='word_1_347' title='bbox 964 3366 1122 3407; x_wconf 85' lang='lat' dir='ltr'>onere</span> <span class='ocrx_word' id='word_1_348' title='bbox 1144 3352 1345 3403; x_wconf 82' lang='lat' dir='ltr'>liberari</span> <span class='ocrx_word' id='word_1_349' title='bbox 1371 3390 1384 3404; x_wconf 86' lang='lat'><strong>.</strong></span> <span class='ocrx_word' id='word_1_350' title='bbox 1422 3352 1552 3405; x_wconf 85' lang='lat' dir='ltr'>Data</span> <span class='ocrx_word' id='word_1_351' title='bbox 1592 3352 1683 3407; x_wconf 85' lang='lat' dir='ltr'>fuit</span> <span class='ocrx_word' id='word_1_352' title='bbox 1708 3353 2044 3420; x_wconf 84' lang='lat' dir='ltr'>Amplisiimis</span> <span class='ocrx_word' id='word_1_353' title='bbox 2084 3354 2317 3407; x_wconf 69' lang='lat' dir='ltr'>Patribus</span> <span class='ocrx_word' id='word_1_354' title='bbox 2343 3355 2408 3406; x_wconf 85' lang='lat' dir='ltr'>de</span> 
     </span>
     <span class='ocr_line' id='line_1_40' title="bbox 619 3415 2409 3490; baseline 0.008 -27"><span class='ocrx_word' id='word_1_355' title='bbox 619 3415 713 3490; x_wconf 81' lang='lat' dir='ltr'>hac</span> <span class='ocrx_word' id='word_1_356' title='bbox 746 3419 1072 3477; x_wconf 84' lang='lat' dir='ltr'>postulatione</span> <span class='ocrx_word' id='word_1_357' title='bbox 1108 3422 1372 3489; x_wconf 76' lang='lat' dir='ltr'>cognitio,</span> <span class='ocrx_word' id='word_1_358' title='bbox 1409 3423 1680 3488; x_wconf 85' lang='lat' dir='ltr'>auditoque</span> <span class='ocrx_word' id='word_1_359' title='bbox 1723 3428 1820 3484; x_wconf 83' lang='lat' dir='ltr'>jam</span> <span class='ocrx_word' id='word_1_360' title='bbox 1870 3423 2116 3488; x_wconf 78' lang='lat' dir='ltr'>Episcopo</span> <span class='ocrx_word' id='word_1_361' title='bbox 2134 3421 2369 3476; x_wconf 85' lang='lat' dir='ltr'>Nuseano</span> <span class='ocrx_word' id='word_1_362' title='bbox 2392 3454 2409 3478; x_wconf 69' lang='grc' dir='ltr'><strong>ο</strong></span> 
     </span>
     <span class='ocr_line' id='line_1_41' title="bbox 623 3490 2419 3559; baseline -0.001 -16"><span class='ocrx_word' id='word_1_363' title='bbox 623 3495 859 3559; x_wconf 66' lang='grc' dir='ltr'>(Ιῑῐῐῑρῐιις</span> <span class='ocrx_word' id='word_1_364' title='bbox 880 3491 980 3550; x_wconf 87' lang='lat' dir='ltr'>est,</span> <span class='ocrx_word' id='word_1_365' title='bbox 1016 3503 1069 3542; x_wconf 87' lang='lat' dir='ltr'>ut</span> <span class='ocrx_word' id='word_1_366' title='bbox 1110 3492 1393 3544; x_wconf 83' lang='lat' dir='ltr'>Decretum</span> <span class='ocrx_word' id='word_1_367' title='bbox 1439 3490 1577 3544; x_wconf 85' lang='lat' dir='ltr'>suum</span> <span class='ocrx_word' id='word_1_368' title='bbox 1617 3491 1895 3554; x_wconf 84' lang='lat' dir='ltr'>defendat,</span> <span class='ocrx_word' id='word_1_369' title='bbox 1925 3495 2081 3546; x_wconf 85' lang='lat' dir='ltr'>Causa</span> <span class='ocrx_word' id='word_1_370' title='bbox 2123 3510 2250 3550; x_wconf 78' lang='lat' dir='ltr'>nunc</span> <span class='ocrx_word' id='word_1_371' title='bbox 2272 3495 2419 3546; x_wconf 68' lang='lat' dir='ltr'>Emi·</span> 
     </span>
     <span class='ocr_line' id='line_1_42' title="bbox 619 3551 2303 3685; baseline 0.006 -78"><span class='ocrx_word' id='word_1_372' title='bbox 619 3551 914 3626; x_wconf 68' lang='lat' dir='ltr'>nentiffimis</span> <span class='ocrx_word' id='word_1_373' title='bbox 937 3558 1159 3616; x_wconf 74' lang='lat' dir='ltr'>Pati-ibus</span> <span class='ocrx_word' id='word_1_374' title='bbox 1182 3561 1461 3618; x_wconf 84' lang='lat' dir='ltr'>definienda</span> <span class='ocrx_word' id='word_1_375' title='bbox 1484 3563 1784 3629; x_wconf 82' lang='lat' dir='ltr'>proponitur</span> <span class='ocrx_word' id='word_1_376' title='bbox 1806 3598 1820 3615; x_wconf 86' lang='lat'><strong>.</strong></span> <span class='ocrx_word' id='word_1_377' title='bbox 2201 3632 2303 3685; x_wconf 52' lang='grc' dir='ltr'>ΒΤ</span> 
     </span>
     <span class='ocr_line' id='line_1_43' title="bbox 2262 3647 2360 3695; baseline -0.02 -13"><span class='ocrx_word' id='word_1_378' title='bbox 2262 3651 2269 3682; x_wconf 84' lang='grc' dir='ltr'><strong><em>ι</em></strong></span> <span class='ocrx_word' id='word_1_379' title='bbox 2298 3647 2360 3695; x_wconf 73' lang='lat' dir='ltr'>pn</span> 
     </span>
    </p>
   </div>
  </div>
 </body>
</html>
