2571 3961
2000 106 2058 147 29

103 167 260 218 »tiffimi
290 162 470 212 vicarii
491 199 504 216 ‚
538 162 581 210 δι
603 161 760 211 Testes
784 158 992 211 formiter
1007 155 1189 221 repetiti
1211 157 1392 206 fuerunt
1413 190 1426 208 ,
1456 167 1547 203 non
1569 156 1599 203 ii
1618 163 1831 206 tantum,
1859 166 1969 214 quos
1987 151 2057 198 su-

106 247 195 296 pra
213 227 423 275 dedimus
444 262 457 280 ,
487 225 561 273 sed
583 229 720 276 etiam
740 226 817 275 alii
836 226 987 288 plures
1010 260 1022 277 ,
1044 239 1101 270 ex
1124 223 1285 284 quibus
1306 218 1515 282 cognosci
1537 218 1717 280 posset,
1748 232 1806 263 an
1830 213 2057 263 parochus

118 308 222 343 vere
242 307 304 337 eo
326 303 526 352 tempore
542 301 782 352 aegrotaret
803 324 814 342 ‚
846 289 889 335 &
922 303 977 335 an
996 286 1241 342 facultates
1260 300 1286 337 a
1320 282 1522 329 Parocho
1541 284 1729 328 haberet
1761 277 2065 325 Vice-Paro-

115 359 227 404 clius
251 352 535 405 Sebastianus
556 354 706 415 Raggi
734 387 747 413 ³
787 353 828 399 &
849 352 894 398 hi
931 352 1106 414 pariter
1125 364 1215 395 non
1243 346 1520 402 conveniunt
1543 379 1556 396 ,
1587 358 1639 392 ut
1661 343 1814 403 legent
1845 342 2063 394 Eminen-

119 417 272 468 tissimi
293 415 450 466 Patres
471 452 482 465 .
507 416 714 468 Tandem
736 417 825 461 lata
849 413 935 462 fuit
957 413 1175 465 sententia
1196 446 1210 463 ,
1238 425 1321 472 qua
1337 408 1681 468 pronunciatum
1695 406 1785 452 fuit
1805 430 1841 440 --
1862 423 1944 453 non
1965 422 2065 452 con·

119 484 235 538 [iare
256 482 306 526 de
326 479 484 538 afferto
509 481 802 527 matrimonio
822 510 837 532 „-
864 479 954 536 Res
977 493 1031 525 ex
1054 473 1365 537 appellatione
1383 471 1533 518 delata
1551 469 1608 518 ad
1628 470 1708 516 hoc
1726 469 1912 515 Sacrum
1943 465 2064 512 Tri-

122 543 267 592 bunal
283 577 298 602 ,
330 541 536 602 disputat
554 557 675 591 nunc
706 541 935 588 Hercules
956 540 1131 586 nullum
1154 535 1280 583 fuiffe
1299 533 1649 581 Matrimonium
1681 532 1793 579 illud
1813 543 1908 577 tum
1936 529 2068 575 dese-

124 607 196 652 ctu
217 602 360 652 mutui
382 603 567 650 actualis
583 602 837 656 consensus,
857 635 871 654 ,
905 616 1003 649 tum
1028 601 1199 648 desessu
1225 595 1457 650 facultatis
1480 593 1815 645 Vice-Parocbi
1834 628 1848 646 ,
1877 595 1950 640 cui
1987 592 2071 636 Pa-

126 667 293 717 rochu's
311 679 454 723 neque
484 665 757 726 generaliter
783 701 795 718 ‚
830 681 977 726 neque
1001 663 1255 722 specialiter
1285 662 1398 706 hanc
1429 660 1601 706 dederit
1629 657 1812 705 veniam
1834 693 1846 709 ‚
1876 667 1925 701 ut
1959 669 2071 714 prae-

128 732 222 786 sens
237 727 342 782 esset
373 726 720 778 Matrimoniis.
750 728 956 789 Longum
992 726 1099 772 ess'ct
1136 724 1339 772 rationes
1371 722 1599 784 utriusque
1633 721 1778 766 Partis
1811 718 1982 765 Libelli
2013 718 2072 764 ab

131 792 335 844 Hercule
352 787 448 835 dati
470 788 544 838 hic
565 787 845 840 exscribere;
895 791 1066 839 Foliam
1089 789 1212 835 enim
1232 788 1277 834 in
1301 786 1527 832 Volumen
1557 782 1830 832 excresceret
1848 813 1863 828 .
1897 780 2071 841 Legent

133 872 208 905 eas
233 849 570 903 Eminentiffimi
591 853 747 899 Patres
767 852 813 897 in
837 852 995 900 eodem
1027 850 1207 899 Libello
1225 888 1236 906 ,
1279 863 1424 909 neque
1441 862 1465 893 a
1489 848 1645 894 Puella
1663 881 1678 901 ,
1711 861 1890 908 nequea
1909 844 2070 902 Defen-

125 920 230 978 sore
253 917 537 970 Matrimonii
558 913 744 974 aliquid
764 915 906 960 adhuc
929 915 1162 971 babuimus
1185 951 1193 961 .
1231 912 1440 960 Dubium
1459 913 1522 957 est
1543 947 1553 958 .

78 992 155 1033 An
171 980 332 1038 constet
351 981 402 1028 de
426 980 726 1027 Matrimonia
751 1012 764 1030 ‚
800 978 980 1041 ejusque
1005 978 1257 1026 validitate
1280 979 1326 1024 in
1345 975 1447 1032 casu
1468 980 1570 1030 &62

197 1105 304 1153 Non
324 1103 553 1166 proposita
573 1137 589 1159 ,

144 1254 147 1258 -
181 1229 541 1280 AVENTiNA
566 1228 1078 1279 APPLicATioNis
1115 1227 1347 1275 Missas:
1384 1226 1732 1274 Domvitanno
1755 1222 2074 1277 1500.Bart0-
2143 1207 2254 1266 Sefs·
2276 1201 2485 1252 Μετ’·

88 1347 103 1354 η
192 1295 260 1341 lus
286 1296 525 1342 Fornarius
548 1293 755 1342 Patribus
774 1295 920 1341 Sandli
946 1292 1189 1354 Augustini
1210 1290 1436 1337 Civitatis
1470 1287 1704 1336 Faventiae
1731 1321 1766 1342 „
1810 1302 1950 1334 unam
1987 1285 2074 1332 Pe-
2111 1267 2383 1345 destbfi'rv·
2424 1264 2485 1308 &⁶

199 1359 308 1413 tiam
329 1373 456 1409 terra:
474 1359 655 1404 arativae
671 1369 1008 1404 tornaturarum
1036 1370 1105 1416 17.
1123 1391 1135 1408 ‚
1157 1353 1233 1404 vel
1259 1356 1382 1399 circa
1402 1386 1414 1403 ,
1449 1357 1554 1400 dato
1573 1368 1706 1400 onere
1726 1375 1767 1389 —-
1782 1351 1900 1412 quod
1915 1348 2045 1396 Prior
2060 1381 2073 1400 ,
2112 1344 2234 1407 θὐξΐ·
2260 1349 2307 1381 ²²²
2343 1322 2484 1380 celeb⁰

199 1421 239 1489 aa
261 1422 435 1467 Fratres
454 1421 559 1466 dieti
575 1421 876 1472 Conventus,
915 1419 993 1479 qui
1016 1433 1094 1478 pro
1117 1431 1317 1472 tempore
1340 1415 1513 1462 fuerint
1542 1451 1555 1468 ‚
1583 1424 1829 1462 teneantur
1843 1411 2076 1459 celebrare
2117 1395 2245 1455 Mlss·

201 1498 247 1530 ιη
271 1497 540 1545 perpetuum
561 1519 571 1534 ,
608 1497 659 1529 ac
675 1483 848 1543 semper
870 1519 882 1536 ,
919 1484 960 1529 δι
977 1482 1097 1532 omni
1120 1493 1318 1540 tempore
1341 1478 1476 1539 usque
1494 1482 1546 1524 ad
1580 1476 1964 1525 consumationem
1980 1475 2076 1520 Sae-

202 1546 296 1592 culi
317 1547 497 1608 lingulis
525 1546 797 1593 Dominicis
817 1582 829 1599 ,
864 1547 907 1592 8<
929 1545 1029 1592 aliis
1047 1544 1204 1591 diebus
1239 1542 1430 1593 Festivis
1451 1578 1462 1595 ,
1490 1540 1672 1602 quando
1701 1554 1793 1601 pro
1826 1536 1979 1584 Priore
1995 1536 2079 1582 Sca-.-

154 1644 167 1663 ‚
199 1610 379 1657 cietatis
402 1610 626 1656 Ursulinae
646 1609 699 1658 de
721 1609 942 1666 Faventia
982 1606 1153 1655 fuerint
1194 1605 1435 1670 requisiti,
1481 1604 1713 1652 celebr-are
1747 1599 1822 1648 seu
1859 1598 2080 1650 celebrari

155 1708 167 1726 ,
206 1670 350 1724 facere
367 1687 607 1735 perunum
628 1687 684 1717 ex
708 1671 813 1717 dieii
835 1670 1105 1721 Conventus
1133 1664 1368 1717 Fratribus
1393 1668 1600 1719 idoneum
1634 1668 1681 1715 in
1714 1659 1908 1712 Ecclesia
1939 1695 1952 1714 ,
1984 1660 2078 1709 sive

137 1770 168 1797 ,ρ
203 1735 432 1784 Oratorio
452 1735 626 1789 Sancta:
647 1732 822 1780 Ursulx
844 1732 1076 1786 Faventiae
1106 1733 1284 1792 Missam
1305 1748 1441 1780 unam
1470 1732 1634 1789 absque
1668 1727 1819 1788 aliqua
1851 1723 2082 1771 solutione

135 1798 210 1847 vel
245 1798 435 1859 praemio
465 1819 513 1832 -·-
558 1796 782 1849 ‘Patribus
842 1810 993 1845 autem
1030 1794 1485 1853 ,contraveniendo-fs
1523 1793 1777 1857 presertim
1812 1786 2041 1848 reqsiisitis
2064 1820 2080 1839 ‚

137 1862 311 1914 nullum
343 1861 420 1923 effe
460 1862 614 1916 voluit
645 1863 927 1921 donationem
952 1894 963 1910 ,
995 1862 1302 1920 preditmque
1339 1863 1550 1905 donatvm
1574 1857 1628 1899 ed
1646 1853 1953 1910 lmredessuos
1972 1863 2079 1911 per-

137 1957 170 1982 „
201 1928 345 1980 tinere
364 1949 411 1968 ·?
430 1939 482 1969 ea
499 1924 639 1974 etiam
659 1922 758 1983 lege
779 1956 792 1974 ‚
823 1922 864 1967 &
882 1921 1144 1969 conditione
1161 1956 1175 1973 ‚
1193 1933 1242 1967 ut
1260 1921 1336 1980 ipsi
1360 1920 1561 1969 haeredes
1584 1927 1797 1975 perpetuo
1814 1924 2081 1964 teneantur,

140 2023 172 2043 „
204 1988 246 2034 δι
265 1985 467 2037 debeant
488 2001 639 2035 eorum
660 1984 916 2046 sumptibus
938 1997 1164 2048 perpetuo
1187 2018 1199 2036 ,
1230 1985 1422 2048 utsupra
1443 2020 1455 2038 ,
1491 1987 1534 2029 in
1553 1981 1715 2028 eadem
1739 1974 1927 2024 Ecclesia
1945 2012 1955 2024 ⁴
1994 1972 2085 2020 sive

139 2085 175 2105 ‚‚
205 2051 426 2097 Oratorio
459 2052 622 2096 Sanctae
643 2048 822 2096 Ursulae
846 2047 1075 2094 celebrari
1110 2047 1259 2095 facere
1289 2049 1449 2094 dictam
1480 2044 1660 2092 Missam
1678 2040 1865 2099 singulis
1886 2036 2047 2084 diebus
2067 2068 2083 2087 ,

141 2148 174 2169 ,‚
210 2114 378 2175 quibus
396 2111 523 2173 supra
542 2148 572 2166 ‚,
592 2144 606 2158 .
643 2112 956 2159 Donationem
976 2111 1091 2161 hanc
1112 2112 1264 2157 Patres
1289 2111 1437 2158 Sanffl
1459 2104 1702 2169 Augustini
1732 2139 1746 2158 ,
1777 2101 1927 2165 agnita
1960 2094 2084 2152 elus·

139 2176 247 2223 dem
284 2176 486 2232 utilitate
519 2211 532 2229 ‚
566 2175 812 2237 pleniflime
850 2210 862 2227 ,
909 2175 950 2221 δι
988 2175 1177 2221 servatis
1213 2176 1417 2222 omnibus
1458 2169 1715 2220 solemnii-s,
1759 2170 2088 2227 agnoveruntz

142 2240 472 2301 Onus'quidem
493 2240 727 2297 impletum
749 2238 806 2284 ab
828 2236 926 2289 ipsis
954 2237 1042 2297 fuit
1065 2271 1075 2289 ,
1111 2254 1168 2284 an
1200 2253 1310 2285 vero
1327 2237 1458 2287 Sacra
1474 2232 1634 2299 primis
1661 2230 1754 2277 illis
1773 2243 1796 2273 a
1830 2223 2085 2271 donatione

142 2305 417 2363 temporibus
443 2301 774 2362 applicaverint
796 2337 809 2354 ,
847 2304 1081 2363 ignoratur
1102 2334 1111 2344 .
1149 2301 1262 2359 illud
1280 2311 1456 2348 certum
1477 2297 1538 2345 est
1556 2333 1568 2349 ,
1603 2309 1725 2342 nona
1750 2288 1931 2353 Synodo
1952 2286 2088 2332 Dioe-

77 2381 80 2390 ’
143 2366 305 2413 cesana
325 2366 486 2417 coaffla
506 2369 559 2411 ab
574 2363 804 2428 Episcopo
829 2362 1020 2419 Rossetti
1041 2399 1054 2418 ‚
1089 2364 1292 2427 generali
1317 2365 1415 2426 lege
1429 2361 1726 2411 constitutum
1748 2349 1876 2400 fuisse
1894 2386 1926 2403 ‚‚
1962 2346 2088 2409 quod

146 2463 179 2484 „
213 2426 344 2479 Miffa
363 2429 531 2486 semper
555 2427 814 2488 applicetur
832 2442 912 2488 pro
933 2428 1100 2474 Anima
1119 2426 1374 2487 Testatoris
1392 2463 1406 2481 ,
1437 2426 1513 2475 vel
1535 2417 1799 2470 Fundatoris
1813 2411 2055 2475 Cappellae
2072 2444 2089 2463 .

148 2527 182 2547 „
212 2495 390 2552 quoties
407 2506 531 2539 certo
550 2490 725 2545 constat
743 2491 793 2538 de
812 2491 1092 2552 obligatione
1117 2487 1408 2543 celebrandi,
1444 2490 1556 2537 licet
1574 2486 1619 2531 in
1639 2483 1812 2542 Legato
1828 2510 1842 2528 ,
1872 2476 1948 2522 vel
1965 2474 2092 2520 Fun-

150 2590 181 2609 „
216 2554 404 2601 datione
423 2552 677 2610 specialiter
695 2567 879 2601 cautum
901 2569 989 2600 non
1015 2553 1149 2601 suerit
1171 2557 1223 2600 de
1242 2554 1335 2616 ipsa
1355 2550 1571 2602 Sacrificii
1593 2541 1901 2611 applicatione
1923 2569 1939 2584 .
2045 2597 2055 2606 ·

84 2620 265 2668 Sacram
286 2616 389 2662 inde
417 2614 734 2670 Visitationem
772 2617 884 2674 clar.
906 2652 917 2670 ‚
952 2632 1093 2665 mem:
1112 2615 1381 2665 Cardinalis
1405 2617 1631 2678 Nigr-onus
1649 2645 1663 2663 ,
1693 2605 1772 2671 qui
1802 2599 2014 2670 Rossetto
2041 2614 2093 2656 m

150 2678 424 2741 Episcopatu
449 2679 704 2729 Faventino
723 2679 921 2728 su-cceilit
940 2716 954 2734 ,
988 2679 1198 2736 decrevit
1218 2716 1230 2733 ‚
1258 2692 1309 2727 ut
1339 2681 1470 2726 Sacra
1489 2695 1511 2724 a
1528 2673 1736 2724 Patribus
1756 2667 1902 2714 §aneti
1923 2666 2091 2722 Augu-

148 2742 251 2793 stini
282 2743 510 2789 celebrata
530 2741 577 2788 in
603 2740 812 2799 distindo
835 2776 849 2794 ,
880 2743 922 2789 δι
942 2743 1209 2806 particulari
1253 2743 1371 2788 libro
1402 2742 1724 2786 adnotarentur
1744 2766 1757 2785 ,
1790 2742 1842 2774 ea
1867 2724 2091 2774 fortasse..-

150 2817 306 2857 mente
329 2840 340 2857 ‚
375 2817 422 2851 ut
438 2806 518 2859 ‚hle
539 2804 718 2851 ratione
740 2804 797 2850 de
824 2805 1136 2868 applicatione
1154 2803 1356 2861 constare
1377 2800 1521 2863 poss'et
1540 2832 1556 2848 .
1596 2797 1760 2861 Patres·
1776 2803 1928 2837 tamen
1958 2788 2092 2834 Sacra·

146 2883 397 2929 numquam
433 2867 752 2928 applicarunt,
786 2866 1148 2928 stipendiumque
1179 2869 1233 2913 ab
1263 2866 1366 2914 aliis
1400 2871 1668 2924 acceperunt
1696 2890 1710 2907 ,
1750 2857 1942 2912 ldeoque
1981 2850 2093 2919 clar,

152 2947 238 2978 me.
259 2930 515 2983 Cardinalis
536 2930 704 2986 Piazhza*
726 2966 738 2984 ,
771 2929 881 2988 dum
901 2931 950 2976 in
973 2928 1170 2977 Ecclesia
1192 2966 1204 2983 ,
1230 2929 1306 2984 seu
1325 2929 1547 2977 Oratorio
1573 2922 1739 2971 Sanctae
1760 2914 1940 2982 Ursuiae·
1965 2911 2091 2982 Visi-

153 2994 374 3042 tationem
393 2993 614 3046 haberet,
652 2992 838 3048 Priori,
877 2995 917 3039 &
941 2992 1151 3051 Patribus
1185 2992 1335 3038 Sanffl
1369 2988 1613 3052 Augustini
1643 2983 1784 3032 etiam
1818 2976 2090 3039 appllcatlo·

149 3069 254 3103 nem
272 3055 496 3119 praecepit
516 3090 530 3110 ,
567 3056 804 3116 vetuitque
824 3092 838 3111 ,
873 3072 932 3103 ne
949 3057 1111 3117 duplex
1143 3054 1407 3115 stipendium
1425 3052 1707 3110 acciperent.
1746 3043 1795 3090 In
1816 3041 1995 3110 irritum
2016 3050 2092 3084 ta-

150 3133 253 3165 men
275 3122 394 3172 cellit
415 3122 693 3182 Praeceptum
709 3153 723 3172 ‚
752 3119 795 3172 δι
815 3119 1066 3179 prohibitio
1082 3155 1094 3168 .
1131 3119 1307 3164 Sodales
1331 3117 1470 3178 igitur
1484 3118 1535 3162 ad
1555 3116 1643 3167 hoe
1661 3113 1843 3176 Sacrum
1867 3099 2090 3148 Tnbunal

152 3195 378 3230 venerunt
396 3181 676 3243 postulantes
698 3216 712 3234 ‚
745 3196 793 3229 ut
815 3183 971 3236 Patres
987 3181 1134 3228 §ancli
1155 3178 1402 3241 Augustini
1418 3193 1507 3226 non
1528 3176 1586 3225 ad
1608 3171 1962 3221 celebr-ationem
1985 3178 2088 3212 tan-

151 3256 250 3291 tum
275 3279 287 3297 ,
320 3245 390 3290 sed
409 3245 548 3290 etiam
566 3245 626 3295 ad
650 3244 1016 3306 applicationem
1037 3245 1275 3292 Sacrorum
1307 3240 1694 3304 compellerentur
1713 3269 1725 3286 2
1759 3243 1899 3301 mque
1933 3227 2089 3276 decla·

154 3320 283 3355 retur
302 3323 378 3354 eos
402 3308 546 3353 teneri
566 3309 620 3353 ad
641 3323 693 3354 ea
711 3308 851 3364 etiam
870 3343 884 3361 ,
912 3324 1010 3370 quae
1028 3343 1042 3362 ‚
1073 3308 1180 3354 licet
1202 3306 1415 3352 hactenus
1432 3305 1660 3353 celebrata
1677 3299 1850 3347 fuerint
1866 3326 1880 3345 ,
1912 3306 2002 3338 Ποῦ
2021 3302 2089 3337 ta-

155 3386 262 3416 men
280 3371 509 3438 applicata
527 3371 740 3428 fuerunt.
775 3372 975 3428 Auditus
994 3370 1235 3432 Episcopus
1255 3368 1495 3427 seeundum
1525 3366 1703 3414 Sodales
1733 3353 1970 3417 respondit
1996 3388 2011 3407 ,
2044 3354 2090 3408 &i

155 3434 328 3487 censuit
346 3433 507 3480 Patres
526 3433 626 3496 ¹cogi
644 3433 770 3497 posl'e
786 3436 841 3482 ad
870 3432 1226 3498 applicationem
1244 3434 1480 3489 Sacrorum
1497 3465 1510 3482 ,
1543 3444 1639 3490 quae
1656 3424 1867 3471 hactenus
1887 3415 2092 3493 celebras

154 3507 203 3543 ta
223 3496 583 3555 fueruntslzlcem
606 3516 631 3542 a
654 3500 726 3547 die
758 3499 987 3561 evulgatae
1017 3513 1134 3558 nonae
1164 3498 1328 3556 Sjvnodi
1359 3494 1624 3542 cardinalis
1659 3488 1830 3550 Rosetti
1849 3515 1863 3535 2
1897 3496 1987 3542 qua
2018 3496 2088 3548 Υςδ

154 3560 520 3617 malaesideifiint
537 3560 686 3621 effe-Si
702 3595 713 3608 .
749 3560 1069 3621 Nune'itaque
1091 3558 1239 3607 Causa
1269 3556 1571 3620 proponitur,
1604 3547 1843 3598 Sodalibus
1875 3553 2091 3604 urgenti-

151 3619 239 3671 bus
255 3621 374 3678 juris
391 3622 790 3691 praesumptionem
808 3659 823 3679 ,
844 3636 893 3672 ui
916 3623 1126 3673 Donator
1144 3621 1500 3685 applicationem
1516 3613 1713 3670 voluerit
1730 3613 1988 3682 Sacrorum,
2018 3615 2091 3661 at,-

176 3704 179 3706 .
1942 3683 2031 3732 que

135 1709 150 1730 υ
134 1645 149 1666 υ
133 1582 148 1602 υ
133 1520 147 1540 U
133 1454 148 1474 ν
133 1392 148 1412 υ

154 1583 168 1602 ν
153 1519 165 1538 U
151 1458 164 1477 U
151 1393 165 1411 Ὀ
