2571 3961
235 196 238 199 ·
295 176 506 236 “eminas
547 183 894 230 penitentiales
914 213 933 234 ,
960 185 1018 232 ἅν
1039 180 1294 228 Gra'duales
1309 179 1467 228 diebus
1502 181 1548 226 in
1577 173 1821 228 Breviario
1855 124 2055 237 άεβὲηέἶ

301 247 364 291 tis
383 276 399 296 a
416 244 517 303 five
534 250 697 311 potius
706 243 766 304 fit
779 246 1008 304 servanda
1030 246 1302 310 consuetudo
1324 248 1371 292 in
1390 244 1491 308 casu
1511 245 1613 293 &a

177 371 462 420 servandam
482 366 567 419 esse
584 369 973 421 Consuetudinem
990 402 1006 424 ,

158 497 461 565 ῙξΑΠΙίΕΝ.
486 495 751 557 Repetenda
769 494 830 545 est
846 495 977 550 huius
989 496 1145 545 Causae
1163 496 1334 557 species
1349 510 1406 543 ex
1425 490 1557 540 Folio
1573 490 1958 553 Congregationis
1972 490 2052 538 ha-
2128 482 2240 537 sess.
2264 491 2337 525 2¹·
2356 494 2395 525 ὅ·
2412 493 2459 540 4»

168 562 269 608 bitte
286 562 358 607 die
386 560 423 609 l.
443 559 714 620 Septembris
735 558 954 607 transacto
971 575 1092 606 anno
1118 572 1280 620 1753„
1313 558 1435 618 quod
1453 555 1622 605 editum
1654 554 1743 603 fuit
1777 555 1878 600 Vol.
1911 559 2048 601 XXII,
2096 544 2146 593 de
2164 543 2259 604 Res·

116 622 324 678 Thesaur.
345 625 483 682 Resol.
505 624 615 670 Duo
632 620 856 684 proposita
876 619 1058 668 suerunt
1077 623 1265 673 Dubiam
1304 620 1521 673 Alterum
1562 620 1679 668 inter
1702 613 2052 678 Archipresby-

112 695 256 730 terum
275 685 513 733 Gradariae
533 720 546 739 ,
577 686 619 730 &
638 685 953 733 Promotorem
973 684 1187 737 Fiscalem
1207 685 1359 736 Curiae
1382 680 1660 744 Episcopalis
1688 677 1956 726 Pisaurensls
1971 679 1997 722 .”
2016 710 2048 730 ,,

111 780 144 800 ,,
179 748 256 794 An
273 747 533 796 sustineatur
552 747 747 796 remotio
765 746 1039 806 Cappellani
1062 783 1074 800 ,
1111 747 1187 799 seu
1203 760 1351 808 potius
1370 756 1570 791 teneatur
1589 741 1970 803 Archipresbyter
1987 739 2046 786 il-

111 844 143 863 „
179 809 272 856 lum
292 812 502 871 deputate
522 808 613 856 suis
632 807 878 868 sumptibus
900 826 978 869 pro
996 809 1182 859 servitio
1202 808 1404 858 Ecclesiae
1423 806 1605 858 Ruralis
1623 843 1638 862 ,
1676 809 1717 857 &
1749 803 1980 866 quomodo
1999 802 2047 848 in

109 906 144 926 „
175 872 276 920 casu
296 873 429 926 ὅτε.»
465 872 679 921 Alterum
708 872 830 921 inter
865 873 1089 925 Narxiium
1126 870 1466 936 Cappellanum
1496 870 1713 918 Ruralem
1745 869 1801 913 ab
1831 864 2048 925 Episcopo

111 936 377 998 deputatum
395 971 408 989 ,
440 935 482 981 &
503 933 957 995 Archipresbyterum
977 935 1215 988 Gradariae
1234 968 1264 990 ,‚
1304 936 1379 983 An
1399 931 1451 984 sit
1470 933 1592 986 Iocus
1621 927 1896 986 restitutioni
1928 926 2044 977 saia-

110 1031 144 1051 „
179 996 235 1067 rii
259 999 444 1047 exaffla
476 995 763 1057 Cappellano
787 997 927 1044 Nardi
951 1033 963 1050 ,
995 999 1070 1052 seu
1091 998 1239 1061 potius
1271 995 1322 1046 sit
1349 995 1639 1048 relaxandum
1673 994 1930 1042 mandatum
1961 1004 2043 1050 pro

104 1093 142 1113 ὀ,
174 1060 274 1106 aliis
294 1059 466 1111 salariis
497 1056 688 1109 decursis
705 1094 719 1112 ‚
752 1061 794 1109 δι,
813 1076 905 1113 non
922 1061 1082 1109 solutis
1110 1060 1246 1123 usque
1264 1064 1315 1116 ad
1331 1060 1450 1111 diem
1475 1058 1661 1117 praestiti
1680 1055 1853 1109 servitii
1880 1054 1926 1100 in
1960 1069 2041 1098 ca—

111 1156 144 1177 „
175 1121 224 1169 su
242 1123 332 1171 διε.
362 1125 694 1191 &spond-erunt
726 1125 1058 1183 Eminentislimi
1079 1133 1250 1173 ‘Patres
1269 1163 1280 1174 .
1314 1123 1387 1170 Ad
1406 1121 1440 1173 I.
1464 1121 1752 1175 Affirmatiste
1781 1119 1830 1168 ad
1849 1119 2042 1176 primam

106 1217 142 1244 a»
173 1195 377 1245 partem,
410 1197 625 1246 negative
647 1186 699 1231 ad
741 1184 1006 1240 secundam,
1039 1186 1300 1249 adimpletis
1330 1186 1540 1233 oneribus
1562 1179 1932 1234 parochialibus,
1963 1177 2043 1224 vel

111 1283 144 1303 2,
180 1262 263 1317 Per
285 1246 328 1296 se
345 1281 359 1300 ,
388 1249 467 1296 vel
481 1262 559 1308 pet
577 1246 719 1315 alium
740 1265 751 1290 τ
786 1249 858 1297 Ad
884 1248 934 1297 Il.
963 1251 1034 1301 Ad
1054 1249 1259 1301 Mentem
1276 1285 1308 1306 ‚,
1328 1282 1342 1296 .
1377 1248 1511 1301 Nihil
1529 1245 1808 1308 praetermisit.
1831 1240 2043 1291 Eminen-

106 1311 299 1359 tisstmus
320 1313 542 1360 Dominus
559 1309 819 1358 cardinalis
838 1310 1071 1364 Praefectus
1089 1328 1141 1363 ea
1158 1349 1170 1367 ,
1203 1329 1291 1375 qua
1311 1311 1482 1372 praestat
1511 1310 1744 1371 prudentia
1758 1342 1774 1360 ,
1803 1305 1844 1351 δι
1871 1302 2042 1350 doctri«⁸

106 1389 163 1420 na
184 1409 197 1427 ³
226 1388 276 1421 ut
296 1391 419 1425 mens
440 1375 563 1426 Sacri
582 1371 856 1426 Tribunalis
878 1374 1143 1435 impleretur
1158 1408 1171 1428 ,
1203 1374 1587 1436 Archipresbyter
1602 1373 1846 1434 obsequens
1871 1365 2040 1411 volun-

107 1437 194 1485 tati
211 1437 562 1506 Eminentiffimi
579 1433 776 1485 Praefecti
796 1437 1028 1498 epistolam
1050 1438 1298 1501 supplicem
1315 1437 1436 1487 dedit
1457 1439 1508 1487 ad
1541 1436 1802 1494 Episcopum
1822 1465 1835 1482 ‚
1866 1428 2043 1474 obtulit

104 1501 406 1549 remissionem
434 1500 577 1549 salarii
602 1515 625 1546 a
647 1496 825 1546 Nardio
842 1501 1045 1553 indebite
1063 1502 1204 1554 exacti
1224 1535 1236 1554 ,
1275 1499 1459 1550 veniam
1481 1499 1614 1556 petiit
1631 1533 1644 1551 ,
1678 1497 1755 1544 sed
1773 1490 1891 1542 nihil
1913 1492 2043 1536 obti—

107 1563 243 1615 nuit3
275 1566 519 1626 Episcopus
539 1566 660 1609 enim
693 1560 786 1621 post
817 1579 981 1616 novem
1001 1564 1164 1611 menses
1193 1564 1454 1622 respondens
1473 1577 1640 1612 novam
1661 1560 1788 1609 litem
1816 1553 2043 1608 excitavit

105 1626 347 1675 deductam
367 1643 423 1675 ex
445 1626 595 1676 verbis
614 1623 710 1675 illis
730 1624 934 1688 rescripti
952 1627 1083 1683 hujus
1101 1627 1222 1675 Sacri
1241 1626 1504 1678 Tribunalis
1534 1625 1797 1687 adimpletis
1832 1615 2043 1665 oneribus

105 1690 468 1756 Parochialibus
491 1722 505 1742 2
534 1689 708 1752 velper
724 1690 772 1745 fe
790 1721 804 1740 ,
836 1693 914 1740 vel
928 1703 1014 1753 per
1049 1692 1194 1738 alium
1214 1723 1227 1742 ,
1264 1688 1470 1745 iuflitque
1489 1722 1502 1738 ,
1532 1699 1582 1733 ut
1601 1685 1630 1732 si
1665 1680 2044 1740 Archipresbytet

106 1764 305 1813 nequeat
321 1767 399 1814 per
417 1753 460 1801 se
479 1752 618 1800 one'ra
652 1749 935 1800 Parochialia
966 1752 1220 1811 explerein
1247 1750 1439 1804 Ecclesia
1470 1750 1664 1803 Rurali,
1693 1756 1903 1796 teneatur
1937 1744 2044 1802 sup-

104 1813 229 1876 plere
248 1829 327 1875 per
343 1816 553 1867 idoneum
571 1814 853 1865 Sacerdotem
873 1816 923 1866 ad
941 1814 1296 1868 sacramentales
1329 1812 1633 1864 Confessiones
1649 1806 1933 1868 excipiendas
1957 1819 2045 1861 ap-

105 1877 352 1942 probatum
372 1913 387 1933 ‚
417 1881 497 1943 qui
516 1914 529 1932 ‚
555 1889 605 1925 ut
627 1875 715 1936 ipse
740 1876 807 1925 ait
824 1877 871 1923 in
903 1875 991 1925 suis
1011 1876 1156 1930 literis
1182 1913 1215 1933 2.
1242 1879 1367 1929 aufflt
1395 1876 1608 1928 mercede
1634 1909 1647 1927 ,
1680 1874 1815 1924 facile
1845 1866 2043 1918 inveniri

103 1974 137 1997 ‚,
170 1940 341 2002 potest,
376 1955 426 1989 ut
445 1941 532 1991 fine
547 1938 822 1989 difficultate
840 1940 1053 1991 hactenus
1081 1938 1247 1996 factum
1268 1940 1377 1991 est„
1406 1974 1417 1987 .
1452 1938 1676 2001 Confugit
1707 1933 2043 1991 Archiprcsby-

100 2016 171 2052 ter
189 2004 242 2050 ad
263 2007 353 2055 hoc
381 2006 563 2056 Sacrum
583 2002 630 2051 Τ
633 2002 806 2049 tibunal
831 2038 844 2054 ‚
875 2004 1120 2067 auditoque
1139 2004 1227 2060 jam
1243 2002 1492 2065 Episcopo,
1518 2005 1609 2049 duo
1628 2014 1745 2048 nunc
1766 1996 1918 2046 Dubia
1934 2009 2045 2054 pro·

100 2080 337 2129 ponuntur
362 2100 373 2114 .
409 2069 609 2117 Primum
644 2064 706 2113 est
737 2065 852 2117 iilud
882 2066 1026 2127 ipsu-m
1046 2067 1209 2128 ‚tquod
1236 2066 1282 2112 in
1315 2067 1684 2131 congregatione
1719 2061 1876 2113 habita
1906 2058 1978 2103 die
2003 2055 2043 2104 Ι·

100 2131 382 2190 Septembris
399 2131 618 2181 transafio
637 2144 754 2178 anno
778 2139 904 2187 1752.
927 2126 1159 2176 definitum
1176 2144 1268 2176 non
1287 2127 1377 2179 fuit
1395 2162 1408 2180 ,
1439 2144 1583 2188 neque
1611 2139 1737 2175 mens
1772 2122 1893 2175 sacri.
1925 2119 2051 2168 Tri·

33 2244 38 2248 ,
99 2193 285 2243 bunalis
304 2194 488 2257 impleri
510 2193 663 2255 potuit
682 2191 860 2238 duritie
877 2190 1119 2256 Episcopi:
1160 2191 1368 2239 Alterum
1384 2189 1447 2237 est
1467 2192 1521 2238 de
1542 2185 1797 2252 supplendo
1828 2200 1903 2248 per
1935 2182 2042 2233 fim-

101 2256 274 2319 plicem
290 2258 568 2305 Sacerdotem
585 2291 597 2309 ,
622 2253 1081 2305 velCaneffarium}
1110 2254 1255 2302 Archi
1262 2256 1493 2312 presbyter
1510 2253 1702 2313 disputat
1721 2250 1825 2300 satis
1843 2247 1929 2295 ess'e
1942 2245 2043 2293 fim-

99 2319 268 2382 plicem
301 2356 315 2374 ‚
342 2320 450 2384 quia
481 2315 789 2368 parochiani,
820 2315 851 2363 st
880 2317 1101 2371 valeant,
1134 2317 1296 2384 potiint
1334 2316 1418 2363 sese
1448 2314 1720 2362 Gradaria'm
1752 2310 1957 2359 conferre
1981 2308 2042 2356 ad

102 2383 370 2432 emittendas
385 2382 715 2432 confeffiones;
750 2381 917 2444 quodsi
941 2380 1124 2428 adversa
1158 2378 1418 2428 valetudine
1434 2378 1723 2426 detineantur
1740 2408 1754 2427 ‚
1782 2389 1870 2422 non
1889 2374 2042 2421 renuit

101 2445 491 2509 Archipresbyter
525 2446 579 2492 iis
611 2443 874 2497 consulere,
908 2457 1052 2502 eoque
1081 2443 1274 2503 amplius
1302 2476 1315 2493 ,
1351 2440 1466 2486 ouod
1499 2440 1588 2488 duo
1609 2473 1625 2492 ,
1671 2436 1820 2486 tresve
1862 2448 2042 2484 tantum

99 2505 331 2616 fradariae
350 2509 432 2556 sint
465 2506 740 2559 confessarii
772 2522 931 2558 omnes
967 2505 1150 2560 servitio
1177 2502 1342 2559 addicti
1371 2502 1564 2559 alicujus
1598 2496 1803 2550 Ecclefiae
1822 2531 1838 2547 .
1874 2498 2037 2552 Dubia

124 2584 203 2619 unt
221 2607 232 2620 .

41 2629 80 2682 Ι.
113 2635 263 2694 Ληβι
279 2638 406 2686 locus
429 2635 886 2694 restitutionilalarii
904 2620 1101 2686 ἕκαὲἶὶἀ
1125 2637 1392 2700 cappellano
1415 2633 1573 2682 ‘Nardi
1593 2664 1607 2684 ,
1629 2631 1710 2689 seu
1725 2624 1950 2690 pott'ussit
1970 2642 2042 2672 νε*

287 2700 540 2751 laxandum
559 2702 817 2754 mandatum
832 2709 918 2760 pro
935 2701 1047 2747 aliis
1059 2701 1255 2757 salariis
1273 2694 1459 2757 decursis
1479 2727 1494 2748 ,
1531 2699 1589 2749 cfr*
1609 2708 1692 2740 non
1711 2691 1883 2750 solutis
1903 2689 2039 2751 usque

288 2765 347 2811 ad
363 2767 480 2814 diem
494 2762 896 2830 praestitiservitii
916 2766 962 2810 in
990 2763 1090 2821 cafit
1114 2766 1214 2811 &c-

39 2827 103 2881 11,
135 2836 213 2876 An
230 2830 276 2876 in
295 2829 395 2887 casu
417 2829 729 2891 impedimenti
742 2824 1134 2888 Archipresbyter
1170 2822 1402 2871 Gradariae
1413 2821 1625 2884 supplere
1638 2815 1766 2881 pofflt
1796 2813 1954 2864 diebus
1968 2812 2039 2871 fe-

280 2890 424 2948 stivis
446 2890 492 2938 in
519 2889 710 2947 Ecclesia
747 2891 908 2946 Rurali
918 2902 1004 2953 per
1017 2887 1265 2950 simplicem
1284 2886 1566 2934 Sacerdotem
1585 2887 1629 2930 in
1661 2877 1927 2928 celebrando
1947 2883 2038 2921 Sa-

291 2971 368 3002 cro
384 2988 399 3007 ,
432 2955 681 3003 indicendis
689 2950 882 3014 jejunics
902 2988 917 3007 ,
953 2957 1011 3001 Θ
1032 2949 1168 3005 Pestis
1186 2945 1529 2999 decurrentibus
1549 2978 1565 3003 ,
1597 2949 1655 2995 Θ
1672 2942 1890 2992 edocendo
1913 2937 2039 2985 Chri-

280 3015 436 3071 stianae
458 3017 587 3066 Fidei
610 3018 865 3064 rudimenta
883 3018 930 3065 in
948 3017 1046 3077 casu
1063 3017 1164 3062 &a

164 3143 243 3192 Ad
260 3142 459 3205 primum
492 3139 784 3210 Affirmative
801 3143 862 3192 ad
886 3143 1082 3209 primam
1103 3150 1271 3201 partem
1289 3172 1305 3196 ,
1339 3134 1557 3203 negative
1578 3133 1632 3184 ad
1661 3127 1897 3182 secundam
1911 3158 1925 3174 .
1959 3125 2041 3180 Ad

101 3205 341 3257 fecundum
362 3203 632 3255 affirmative
650 3239 663 3253 .

37 3333 154 3446 U
176 3331 490 3382 XENTINA
521 3328 802 3380 UNIONIS
820 3364 832 3377 .
868 3328 1096 3379 Fundavit
1115 3343 1234 3376 an-no
1254 3339 1380 3382 1714.
1400 3324 1618 3373 Sacerdos
1638 3317 1920 3386 Vincentius
1937 3316 2039 3365 Mi·
2108 3313 2222 3370 Sess.
2244 3312 2443 3375 23.c.18,

110 3403 124 3410 ·“
191 3396 411 3444 nutemus
430 3412 485 3443 ex
506 3395 593 3443 suis
615 3393 749 3440 Bonis
766 3393 955 3458 simplex
977 3390 1336 3440 Ecclefiasticum
1358 3387 1632 3436 Beneficium
1650 3421 1664 3439 ,
1697 3382 1822 3451 cuius
1841 3393 2038 3443 primum
2077 3377 2127 3426 de
2144 3376 2241 3438 Ref-

95 3460 339 3506 RcCtorem
366 3459 453 3506 esse
471 3457 619 3506 voluit
635 3458 855 3513 Joannem
873 3455 1177 3506 Dominicum
1197 3453 1335 3500 Pandi
1354 3487 1367 3505 ,
1402 3451 1532 3512 eique
1548 3463 1659 3495 onus
1673 3444 1808 3494 dedit
1826 3477 1840 3496 ,
1871 3454 1922 3513 ut
1943 3440 2036 3504 post

95 3521 370 3570 Fundatoris
390 3523 568 3569 obitum
586 3516 885 3569 aedificaretur
910 3515 1229 3579 Cappellasub
1252 3514 1419 3562 Titulo
1443 3513 1488 3559 Β.
1507 3511 1668 3559 Mariae
1690 3509 1997 3556 Annuneiatae
2016 3538 2031 3558 ,

96 3600 242 3647 eoque
262 3584 398 3635 titulo
415 3588 671 3645 erigeretur
691 3583 745 3628 ab
763 3580 982 3642 Episcopo
1000 3576 1277 3626 Beneficium
1293 3609 1308 3624 .
1338 3578 1416 3624 De
1435 3586 1629 3636 utroque
1650 3573 2031 3633 Jurepatronatus

92 3646 338 3712 disposuit:
367 3646 446 3696 De
477 3648 623 3696 afflvo
657 3646 724 3693 ita
754 3648 866 3703 ait„
897 3641 1068 3698 vuole,
1094 3641 1150 3689 cd
1186 3632 1542 3704 espress'amente
1561 3635 1770 3686 dichiara
1801 3629 2033 3742 esxspinDon

1768 3727 1801 3751 „
1937 3717 1962 3730 ,
