2571 3961
76 2610 189 2664 Sejs·
208 2619 282 2662 ωε·
305 2624 348 2655 ε.
365 2622 408 2655 1·

44 2671 94 2717 212
119 2670 212 2732 Ref-

514 210 572 253 16

511 265 609 315 let,
636 256 824 320 epistola
850 258 903 304 ad
922 253 1323 314 Archiepiscopum
1342 285 1356 303 ‚
1395 254 1473 314 qui
1505 250 1674 299 iterum
1706 254 1887 300 Annam
1920 256 2236 319 interpellavit
2255 293 2270 314 ,
2301 269 2358 307 -ut
2373 260 2454 308 sua

513 325 609 382 {ura
640 331 911 381 proponeret
930 352 944 370 ,
979 318 1051 365 sed
1073 331 1177 364 cum
1206 313 1430 361 obstinate
1464 313 1708 368 renuisset,
1743 316 1938 375 praefl-xit
1967 323 2216 368 terminum
2248 322 2451 370 duorum

515 383 728 432 mensium
746 417 760 435 ,
797 395 920 429 ntea
939 382 986 426 in
1015 381 1102 424 hoc
1117 378 1250 422 Sacro
1287 374 1542 423 T—ribunali
1567 391 1885 438 proponere-t13
1916 379 2005 440 ipse
2038 382 2283 443 inepistola
2298 384 2374 433 sua
2394 400 2451 432 ea
2502 378 2510 395 ²

513 457 701 498 narrat',
733 462 839 507 1quae
857 444 902 490 in
924 437 1119 488 Processu
1144 438 1244 484 sunt
1268 471 1281 490 ,
1306 437 1498 485 abstinet
1515 451 1665 486 tamen
1700 439 1756 484 ab
1788 440 2031 503 aperienda
2052 442 2280 491 sententia
2307 447 2453 495 animi

513 509 581 557 sui
601 543 610 553 .
637 507 781 568 Lapso
799 500 1201 552 terminodnorum
1213 499 1434 546 menssum
1455 505 1602 548 Annae
1619 498 1800 560 praefi-xo
1814 537 1826 555 ,
1849 504 2149 565 omnibusque
2167 509 2332 565 paratis
2349 541 2362 560 ,
2391 521 2450 555 ·ut

512 569 645 620 causa
666 577 988 629 proponeretur
1002 597 1018 615 ,
1044 574 1333 623 agnoverunt
1348 563 1523 623 josephi
1541 561 1824 612 Defensores
1840 565 2102 612 nullitatem
2116 567 2343 616 Processus
2362 570 2460 616 aui,

513 648 664 682 coram
683 627 1039 689 Archiepiscopo
1056 659 1071 678 ‚
1104 639 1208 670 cum
1234 624 1404 673 citatus
1420 640 1510 672 non
1536 624 1684 672 fuiffet
1712 625 1944 676 Promotor
1977 627 2163 675 fiscalis
2180 663 2194 681 ,
2228 629 2456 676 Defensor

513 691 794 744 matrimonii
811 693 1060 750 deputatus
1087 701 1176 733 non
1198 685 1337 735 fueri-t
1355 721 1371 741 ,
1401 703 1485 736 nec
1505 688 1675 735 servata
1696 686 1832 738 fuerit
1864 689 2004 738 forma
2027 690 2270 739 constituta
2286 692 2334 739 in
2366 706 2458 738 no·-.

512 756 683 804 viffima
709 752 1050 802 Constitutione
1081 749 1345 798 Sanctiflimi
1376 749 1572 798 Domini
1602 749 1734 797 nostri
1766 785 1780 800 .
1813 751 1975 800 Preces
2006 753 2142 818 igitur
2173 752 2251 816 ipsi
2282 754 2463 806 oblatae.

511 818 696 866 fuerunt
713 850 728 871 ‚
765 815 931 879 quibus
953 811 1266 876 postulabatur
1282 813 1358 860 vel
1375 812 1611 873 derogatio
1640 812 1994 863 Constitutionis
2012 850 2026 869 ‚
2055 817 2132 863 vel·
2158 830 2208 864 ut
2239 831 2310 864 res
2328 817 2455 864 arbi-
2501 875 2504 878 ι

511 881 601 928 trio
618 881 755 928 Sacrae
779 880 913 937 hujus
928 873 1318 937 congregationis
1335 888 1541 938 ageretur
1568 910 1582 930 ,
1608 877 1728 924 vdatis
1751 879 1963 926 omnibus
1979 878 2273 927 facultatibus
2289 882 2454 931 neces-

509 944 637 997 sariis
656 944 749 991 ἃς.
770 940 1068 1002 Rescriptum
1086 936 1177 987 sui-1
1197 961 1222 972 —
1258 945 1552 1002 Proponatur
1569 942 1708 999 causa
1724 941 1776 990 in
1795 950 1933 990 Sacra
1971 946 2322 1005 congregatione
2341 978 2357 997 ,
2384 952 2465 997 &-

503 1006 655 1070 postea
676 1013 842 1052 Orator
858 1038 872 1057 ‚
904 1014 1130 1072 qnatenus
1149 1010 1259 1064 opus
1270 1000 1332 1059 sit
1351 1035 1366 1054 ,
1398 1006 1567 1049 iterum
1587 1015 1795 1051 recurrat
1810 1034 1825 1049 .
2041 1004 2046 1008 ’

444 1067 594 1117 Causa
612 1081 734 1114 nunc
764 1075 1034 1128 proponitur
1058 1097 1074 1118 ,
1091 1063 1143 1112 A&
1169 1063 1366 1126 disputat
1397 1063 1556 1126 Joseph
1583 1064 1761 1113 nullum
1784 1063 1923 1114 fuisse
1958 1067 2302 1116 matrimonium
2317 1069 2377 1117 ab
2392 1085 2449 1118 eo

510 1132 792 1180 contraCtum
809 1143 913 1177 cum
930 1129 1069 1174 Anna
1093 1153 1112 1176 ο
1142 1125 1191 1174 vi
1208 1139 1422 1196 metuque
1439 1126 1570 1173 illato
1604 1143 1633 1186 a,
1647 1128 1787 1177 Curia
1805 1128 2017 1178 Baronali
2036 1129 2235 1178 Canneti
2254 1164 2268 1183 ,
2301 1147 2327 1178 a
2356 1147 2447 1198 qua

511 1194 560 1244 in
576 1192 824 1240 durissimos
840 1205 1043 1238 carceres
1061 1189 1288 1247 conjectus
1320 1189 1408 1238 fuit
1423 1225 1437 1244 ,
1472 1191 1516 1237 δι
1533 1205 1759 1254 perpetuo
1785 1192 1990 1240 carmine
2022 1193 2344 1255 personabatur
2365 1197 2448 1243 vel

511 1254 758 1302 ducendam
775 1253 861 1301 esse
881 1256 1066 1301 Annam
1082 1286 1096 1305 ,
1127 1253 1207 1300 vel
1229 1253 1278 1301 in
1298 1254 1553 1301 carceribus
1567 1255 1849 1303 moriendum
1865 1274 1878 1300 =
1910 1254 2147 1303 dissensum
2159 1256 2338 1318 josephi
2356 1273 2462 1307 ma.¹

511 1316 719 1365 nifestum
737 1315 865 1365 fuisse
882 1332 907 1364 e
940 1319 1077 1378 longa
1093 1349 1108 1369 ,
1140 1329 1274 1378 quam
1291 1313 1498 1364 sustinuit
1523 1319 1833 1366 carceratione
1851 1353 1865 1371 ,
1897 1319 1940 1365 δι
1959 1335 2018 1367 ex
2033 1318 2214 1369 testibus
2234 1355 2248 1373 ‚
2281 1321 2448 1382 quibus

512 1380 712 1428 animum
731 1379 856 1428 suum
874 1380 1048 1442 aperuit
1067 1411 1083 1430 ,
1112 1378 1252 1426 etiam
1282 1389 1526 1442 antequam
1546 1385 1732 1430 Annam
1761 1382 1950 1429 duceret
1966 1400 1979 1427 ε
2013 1380 2296 1429 Consensum
2313 1383 2451 1431 abeo

508 1443 755 1503 praestitum
787 1458 939 1492 coram
959 1441 1159 1491 Paroeho
1191 1441 1483 1504 spernendum
1505 1444 1590 1492 effe
1615 1479 1628 1498 ,
1657 1459 1761 1492 cum
1795 1442 2023 1493 simulatus
2045 1444 2183 1493 fuerit
2216 1443 2274 1492 ad
2291 1450 2456 1494 carce-
2493 1467 2498 1474 ·

508 1520 609 1560 res,
641 1506 685 1554 &
703 1517 895 1553 mortem
913 1506 1205 1567 fugiendam,
1235 1505 1403 1554 &cum
1421 1522 1510 1554 non
1530 1509 1667 1556 suerit
1701 1508 1844 1555 liberi
1882 1508 2073 1555 Vinctus
2095 1509 2217 1555 enim
2245 1505 2337 1570 ipse
2359 1543 2371 1564 ‚
2408 1510 2455 1557 8⁶
2486 1524 2499 1534 ·

509 1568 696 1630 stipatus
714 1569 952 1617 lictoribus
983 1568 1143 1617 ductus
1156 1567 1245 1616 fuit
1262 1568 1309 1616 in
1321 1569 1493 1617 Aulam
1511 1570 1679 1620 Palatii
1697 1570 1932 1620 Baronalis
1945 1606 1958 1625 ,
1975 1586 2122 1632 neque
2143 1571 2310 1618 solutus
2329 1569 2420 1619 fuit
2437 1606 2454 1626 ,

511 1630 598 1679 nisi
617 1632 694 1679 ubi
715 1631 940 1680 Parochus
958 1632 1144 1681 advenit
1162 1648 1179 1679 ,ε
1217 1632 1561 1692 Argumentum
1600 1646 1752 1682 autem
1776 1631 2031 1682 voluntatis
2051 1636 2238 1682 omnino
2268 1646 2456 1682 contra-

511 1695 591 1742 riae
608 1695 713 1743 huic
729 1694 1027 1749 matrimonio
1048 1695 1495 1744 vehementiffimum
1509 1695 1595 1746 esse
1609 1733 1624 1753 ,
1654 1700 1771 1760 quod
1785 1694 1874 1760 ipse
1893 1732 1906 1754 ‚
1941 1697 2026 1746 vix
2055 1712 2113 1744 eo
2126 1700 2357 1744 contraCto
2375 1696 2454 1746 fu-

507 1758 633 1820 gerit
652 1792 665 1810 ‚
698 1759 743 1805 &
774 1760 977 1808 animum
1003 1757 1132 1809 suum
1159 1758 1472 1807 declaraverit
1496 1776 1585 1807 non
1613 1762 1769 1813 verbis
1795 1771 1975 1808 tantum
1993 1796 2006 1813 ,
2042 1761 2114 1808 sed
2146 1759 2283 1808 etiam
2301 1758 2422 1809 faCto
2440 1795 2458 1815 ,

509 1820 635 1869 aliud
651 1820 828 1873 scilicet
844 1819 1186 1871 matrimonium
1203 1827 1540 1871 contrahendo„-
1573 1824 1663 1872 His
1679 1822 1929 1871 addendam
1943 1822 2029 1873 effe
2045 1823 2284 1871 solemnem
2307 1822 2454 1874 Annae

508 1884 877 1935 ,declarationem
898 1898 1052 1932 coram
1070 1883 1268 1932 Notario
1284 1918 1301 1939 ,
1333 1886 1646 1936 Sacerdotibus
1663 1920 1679 1941 ,
1707 1888 1748 1934 &
1768 1885 1958 1934 Vicario
1974 1884 2176 1934 emissam
2197 1922 2207 1933 .
2245 1888 2356 1935 Haec
2372 1889 2454 1944 Jo-

510 1944 618 2007 -seph
637 1978 653 1994 .
685 1949 730 1999 A
759 1946 1009 1999 Defensore
1030 1945 1314 1997 matrimonii
1331 1948 1449 1996 nihil
1468 1952 1610 1999 adhuc
1627 1949 1860 1997 habuimus
1883 1986 1893 1998 .
1925 1948 2213 1999 Revocamus
2227 1962 2378 1998 autem
2395 1950 2451 1998 ad

510 2010 777 2063 memoriam
812 2009 1271 2061 Eminentiffimorum
1289 2012 1474 2061 Patrum
1492 2013 1687 2062 Causam
1718 2016 1988 2061 Triventma
2006 2013 2245 2062 nullitatis
2278 2018 2451 2061 matri·
2498 2033 2501 2035 ·

508 2075 652 2122 monii
669 2109 683 2128 ,
712 2089 847 2137 quam
867 2074 1069 2124 dedimus
1091 2072 1140 2119 in
1157 2073 1192 2122 F
1196 2073 1294 2121 olio
1312 2075 1688 2139 Congregationis
1717 2075 1878 2122 habitae
1895 2076 1966 2123 die
1984 2091 2056 2138 30.
2082 2073 2260 2138 Aprilis
2287 2085 2416 2140 1746.
2433 2112 2451 2133 ,

508 2149 695 2198 quaeque
714 2153 806 2186 uno
821 2136 1281 2184 Eminentissimorum
1297 2136 1487 2188 Panum
1503 2139 1716 2188 consensu
1733 2134 1919 2186 definita
1939 2139 2027 2187 fuit
2043 2139 2116 2186 die
2134 2153 2151 2186 1
2162 2149 2205 2190 4·
2232 2138 2349 2188 Maii
2368 2156 2450 2189 eo-

510 2198 612 2244 dem
628 2213 745 2247 anno
761 2235 775 2254 ‚
792 2211 842 2248 ut
863 2199 1016 2248 videre
1034 2199 1162 2246 estin
1182 2201 1367 2257 Thesau.
1385 2203 1528 2262 Resol.
1548 2212 1648 2252 Sac.
1670 2211 1880 2266 congreg,
1895 2204 1999 2252 Vol.
2017 2211 2114 2251 XV.
2130 2202 2309 2264 Species
2326 2205 2448 2254 enim

509 2260 741 2312 simillima
755 2264 819 2312 est
835 2299 847 2310 .
882 2262 1089 2310 Dubium
1106 2276 1157 2310 ex
1168 2262 1440 2323 pediendum
1454 2265 1520 2314 est
1535 2299 1550 2314 .
1838 2269 1841 2270 ⁷
2189 2300 2192 2304 -

447 2331 525 2374 An
536 2325 705 2382 ,constet
719 2329 772 2383 de
791 2326 1013 2378 nullitate
1030 2327 1320 2377 Matrimonii
1343 2330 1389 2377 in
1402 2329 1505 2389 *casu
1523 2335 1626 2380 &e-

571 2454 647 2502 Ad
670 2453 1073 2505 Eminentissimum
1088 2456 1491 2509 Pro-Auditotem
1508 2472 1612 2509 cum
1631 2459 1901 2509 Sandiffimo
1915 2459 2047 2519 iuxta
2064 2472 2261 2508 mentem
2281 2493 2294 2507 .

578 2581 941 2633 UDERTINA
970 2581 1416 2633 PAROCHIALIS
1446 2587 1647 2637 SUPER
1680 2586 2126 2636 PRIVATIONE=
2164 2587 2346 2633 Factum
2361 2584 2444 2632 hu-

598 2649 668 2705 ius
684 2647 842 2695 Causae
859 2646 1026 2709 lOHgOS
1043 2662 1123 2695 nos
1139 2646 1227 2695 ‘sse
1247 2649 1356 2696 facit
1374 2681 1387 2702 ‚
1407 2654 1522 2700 dum
1540 2653 1703 2700 breves
1722 2649 1809 2700 effe
1829 2652 2080 2698 laboramus
2097 2681 2112 2696 .
2129 2650 2364 2713 Oppidum
2385 2645 2446 2717 est

507 2711 553 2758 in
578 2709 780 2759 Dioecesi
799 2708 1053 2758 Tudertina
1076 2742 1090 2764 ,
1122 2714 1242 2775 quod
1261 2719 1444 2776 Aquila
1466 2728 1759 2779 nuncupatur
1775 2733 1788 2760 ε
1823 2715 1918 2771 eius
1941 2714 2198 2761 Parochiam
2233 2710 2442 2760 obtinuit

508 2773 808 2837 superioribus
830 2776 956 2821 annis
974 2772 1252 2824 Dominicus
1272 2775 1345 2822 del
1382 2781 1504 2826 Sette
1523 2814 1536 2834 ,
1570 2794 1714 2842 eoque
1732 2777 1872 2825 titulo
1904 2777 1964 2824 ad
1998 2775 2306 2823 Sacerdotium
2328 2786 2447 2836 pro-

509 2849 656 2883 motus
674 2837 762 2884 suit
781 2865 797 2883 .
825 2837 1041 2884 parochia
1063 2838 1168 2887 satis
1188 2842 1343 2886 uberes
1381 2842 1578 2890 redditus
1598 2841 1733 2888 habet
1751 2876 1765 2894 ,
1797 2841 1869 2887 sed
1901 2854 2047 2887 novus
2077 2837 2296 2886 Parochus
2317 2868 2334 2887 ,
2369 2842 2468 2881 nes

510 2900 659 2961 gleeta
678 2902 902 2948 bonorum
932 2899 1112 2949 cultura
1135 2937 1149 2955 ‚
1186 2918 1263 2949 eos
1294 2903 1543 2965 plurimum
1563 2904 1776 2952 diminuit
1794 2934 1808 2949 .
1838 2901 1939 2950 Pari
1957 2895 2352 2969 negligentia-usus
2382 2894 2443 2943 est

513 2964 557 3010 in
579 2978 688 3010 cura
705 2963 976 3012 Animarum
998 3000 1013 3019 ‚
1030 2967 1264 3014 venationi
1284 2967 1493 3028 siquidem
1517 2967 1694 3015 deditus
1715 2999 1729 3018 ,
1747 2966 1862 3012 ludis
1878 3000 1891 3019 ,
1911 2964 1953 3010 &
1975 2964 2150 3010 choreis
2183 2973 2321 3007 etiam
2338 2975 2444 3006 cum

511 3025 712 3073 foeminis
724 3057 738 3077 2
773 3027 884 3075 licet
901 3029 1212 3077 Sacerdotibus
1233 3029 1310 3076 sub
1328 3046 1459 3092 poena
1477 3028 1767 3093 suspensionis
1783 3027 1940 3076 vetitis
1959 3062 1973 3082 ‚
2001 3025 2116 3095 saepe
2133 3024 2251 3074 visus
2268 3021 2330 3068 est
2348 3033 2442 3093 tum
2490 3046 2493 3049 ν

511 3101 640 3136 extra
656 3122 669 3141 ‚
698 3100 794 3136 tum
811 3091 927 3137 intra
945 3093 1177 3154 Oppidum
1195 3093 1283 3140 (ine
1305 3094 1501 3143 vestibus
1531 3092 1820 3142 clericalibus
1838 3125 1851 3143 ,
1883 3089 1995 3152 saepe
2017 3102 2163 3135 rixare
2183 3123 2195 3141 ‚
2231 3085 2342 3150 saepe
2358 3097 2437 3129 m-

511 3152 738 3200 firmorum
755 3152 1055 3201 visitationem
1070 3157 1301 3217 negligere
1317 3188 1332 3203 .
1361 3156 1482 3203 lnter
1498 3158 1579 3203 hos
1597 3154 1758 3202 mulier
1780 3153 1865 3200 fuit
1886 3189 1900 3207 ,
1931 3166 2064 3213 quam
2095 3153 2271 3218 integro
2299 3147 2435 3189 bien-

511 3217 592 3262 mio
611 3248 626 3268 ‚
658 3229 712 3261 ne
736 3215 782 3261 in
798 3215 1010 3263 Paschate
1035 3219 1217 3278 quidem
1235 3253 1250 3271 ,
1280 3219 1415 3266 Sacra
1435 3217 1711 3266 Eucharistia
1727 3216 1888 3265 refecit
1907 3245 1922 3261 .
1953 3214 2040 3273 fiis
2058 3216 2111 3259 ab
2125 3210 2340 3279 Episcopq
2352 3219 2434 3251 CO·

515 3279 655 3341 gnitis
672 3313 684 3330 ‚
719 3277 968 3326 Paroehum
984 3294 1062 3339 per
1079 3280 1257 3341 aliquot
1274 3281 1367 3328 dies
1386 3281 1429 3326 in
1449 3279 1659 3328 Civitate
1678 3278 1778 3326 loco
1814 3274 2042 3326 carcerum
2059 3275 2246 3341 ret-inuit
2263 3302 2286 3337 2-
2323 3265 2434 3313 mdc

512 3340 709 3387 absolvit
727 3373 742 3393 ‚
776 3339 976 3397 injuncto
992 3356 1217 3403 praecepto
1234 3377 1248 3396 ,
1276 3355 1331 3392 ut
1367 3359 1391 3389 a
1414 3341 1533 3389 ludis
1553 3377 1566 3394 ,
1601 3343 1643 3388 dt
1683 3342 2004 3389 venationibus
2024 3336 2256 3401 abstineret
2274 3345 2320 3376 in
2346 3329 2436 3396 ha-

514 3403 611 3448 bitu
639 3437 652 3455 ,
685 3405 726 3450 δι
745 3403 927 3451 tonsura
947 3404 1174 3452 incederet
1190 3438 1204 3456 ‚
1237 3423 1290 3453 ac
1309 3405 1375 3452 bis
1394 3403 1578 3465 singulis
1597 3405 1730 3452 annis
1747 3405 1805 3451 de
1827 3400 2055 3468 parochiae
2082 3392 2438 3465 administrat-io·-¹

511 3477 568 3509 ne
587 3465 807 3513 rationem
822 3468 1027 3514 redderet
1049 3503 1058 3513 .
1097 3467 1190 3513 Vix
1209 3469 1255 3514 in
1279 3466 1541 3515 parochiam
1560 3465 1763 3514 reversus
1781 3465 2001 3512 Parochus
2020 3475 2068 3506 in
2103 3471 2224 3518 noya
2241 3468 2435 3520 Cflmlm

510 3524 736 3584 prolapsus
752 3528 813 3573 est
829 3562 844 3576 .
881 3530 977 3590 lpso
1013 3528 1223 3591 siquidem
1243 3531 1318 3578 die
1348 3529 1458 3576 festo
1499 3529 1753 3576 Dominicae
1788 3523 2061 3572 Nativitatis
2079 3554 2094 3573 ‚
2127 3519 2254 3589 nullo
2272 3517 2437 3586 rehClo

512 3586 753 3632 Sacerdote
773 3622 788 3640 ,
822 3593 897 3651 qui
914 3592 1086 3639 sacrum
1107 3592 1273 3639 faceret
1291 3627 1304 3645 ,
1339 3591 1605 3640 Parochiam
1632 3589 1822 3638 deseruit
1839 3622 1853 3641 ,
1881 3589 1923 3633 &
1943 3581 2149 3653 Affifium
2166 3594 2284 3651 ivit,
2318 3585 2438 3625 ltau‘

508 3648 696 3708 plurimi
716 3650 899 3698 Sacrum
917 3653 1076 3699 audire
1095 3671 1184 3702 non
1203 3654 1435 3715 potuerint
1453 3685 1467 3701 .
1499 3653 1686 3700 Certior
1710 3651 1763 3698 de
1781 3650 1846 3697 his
1866 3647 2074 3695 redditus
2095 3643 2336 3707 Episcopus
2352 3638 2439 3693 ‚ffi-

507 3709 628 3756 cario
643 3709 725 3760 suo
740 3715 967 3761 mandavit
988 3749 1001 3768 ‚
1016 3728 1065 3762 ut
1084 3716 1331 3767 Processum
1353 3716 1583 3765 instrueret
1600 3748 1613 3762 .
1651 3715 1783 3763 Licet
1806 3723 1954 3762 autem
1977 3711 2151 3757 animus
2167 3698 2443 3811 Parocffliissv
