2571 3961
103 184 222 234 italis
240 172 547 229 demonstrant
569 193 583 224 ε
607 177 650 226 Α
670 177 861 229 vicanis
880 178 1162 228 Scandularii
1181 178 1298 228 nihil
1319 178 1556 227 habuimus
1576 215 1586 226 .
1624 179 1831 228 Dubium
1852 176 1938 224 est.
2007 127 2064 169 27

47 249 187 306 Ansit
202 246 403 302 standum
429 277 444 296 2
470 244 553 291 vel
568 248 859 296 recedendum
878 262 904 291 a
935 243 1086 304 decisis
1106 248 1151 293 in
1173 246 1276 306 casu
1302 250 1405 296 &c-

170 373 226 418 In
243 369 401 419 decisis
419 404 433 424 ‚
469 368 509 417 &
534 370 726 432 amplius
744 367 772 419 .’

202 493 523 543 ITERBIEN.
545 495 759 543 Disceffit
776 511 894 544 anno
919 512 1051 551 1709.
1067 496 1228 559 Ioseph
1250 491 1406 543 Rosati
1427 513 1449 543 e
1471 494 1679 543 Civitate
1702 494 1917 542 Amerina
1937 526 1950 544 ‚
1984 492 2058 539 ubi
2139 497 2252 552 Sess.
2281 508 2354 550 24.
2372 514 2408 545 c.
2427 508 2471 551 4.

218 570 352 604 natus
374 570 473 604 erat
489 556 625 607 Patre
650 560 877 606 Amerino
904 595 918 612 ‚
953 561 993 607 &
1021 560 1283 607 'Viterbium
1305 558 1349 605 sc
1381 559 1578 606 contulit
1602 596 1612 612 ,
1648 559 1761 605 unde
1780 555 1932 602 matris
1959 554 2059 600 ori-
2106 559 2157 604 de
2176 562 2269 620 Rgf.

109 637 172 685 go
190 631 318 672 erat,
349 619 391 664 ἂ
429 619 473 663 in
497 634 586 679 qua
621 620 823 681 plurima
861 624 1103 681 postidebat
1141 634 1343 669 materna
1379 625 1530 674 bona,
1567 624 1606 669 δι
1634 621 1861 681 postquam
1890 617 2058 677 viginti

109 685 278 731 duobus
296 717 309 736 ,
341 679 386 725 &
405 679 526 726 ultra
545 683 673 729 annis
693 685 738 728 in
754 686 908 730 eadem
930 684 1134 731 Viterbii
1168 683 1376 730 Civitate
1401 699 1571 733 moram
1599 696 1836 734 traxerat,
1867 683 1909 727 3<
1930 681 2058 739 plura

114 746 407 796 substinuerat
426 756 638 798 munera,
672 761 812 806 quaea
852 744 1048 792 Civibus
1091 746 1452 794 Viterbienfibus
1493 749 1592 808 geri
1629 747 1803 796 solent,
1838 744 2059 804 pluraque

113 813 254 857 etiam
273 818 609 865 comparaverat
630 810 743 854 bona
777 807 1025 855 immobilia
1046 844 1057 859 ,
1093 824 1275 856 uxorem
1297 812 1356 857 ibi
1374 814 1500 857 duxit
1520 846 1531 863 ,
1567 825 1620 856 ex
1643 825 1729 870 qua
1748 809 1895 864 plures
1915 805 2059 852 sustu-

118 873 175 922 lit
198 872 362 920 liberos
385 898 396 909 ·
432 869 486 914 ln
503 866 765 931 ‚Civitatem
784 884 891 920 vero
924 873 1191 918 Amerinam
1211 873 1359 922 tribus
1380 908 1393 925 ,
1426 885 1502 920 aut
1521 886 1719 935 quatuor
1735 872 1965 916 dumtaxat
1986 869 2058 914 vi-

117 936 240 984 cibus
271 931 403 982 rediit
429 961 446 981 ,
484 941 534 975 ut
569 931 772 1001 negociis
801 966 815 984 ,
847 935 1070 996 rebui'qiie
1100 934 1187 982 suis
1218 935 1471 984 consuleret
1506 973 1517 991 ,
1556 934 1872 993 supellectilem
1911 943 2056 977 tamen

114 1012 324 1049 omnem,
357 1004 546 1041 matrem
581 1030 593 1047 ,
628 996 823 1041 sororem
858 1014 880 1042 e
906 995 1044 1043 domo
1076 1011 1260 1055 paterna
1304 1000 1497 1046 Ameria:
1544 996 1798 1043 Viterbium
1833 995 2019 1040 abduxit
2042 1029 2056 1047 ,

115 1059 340 1120 aedesquei
380 1057 444 1103 sas
467 1055 664 1103 locavit.
706 1058 802 1104 Post
823 1058 969 1118 sugam
1002 1055 1222 1107 annorum
1243 1062 1380 1108 trium
1401 1063 1532 1116 supra
1566 1058 1874 1118 quadraginta
1913 1093 1925 1110 ,
1957 1056 2058 1117 qui-

121 1123 207 1170 bus
224 1121 349 1182 JQsep
407 1118 603 1166 Viterbii
622 1135 794 1167 moram
815 1122 1021 1169 trahebat
1042 1158 1052 1174 ‚
1091 1123 1302 1185 Aloysius
1329 1126 1422 1176 eius
1440 1124 1557 1170 filius
1586 1122 1779 1169 Viterbii
1816 1134 1944 1166 natus
1962 1136 2058 1180 po-

121 1184 375 1233 stulavitab
398 1181 758 1229 Eminentiffimo
781 1185 998 1243 Episcopo
1028 1180 1303 1232 V'iterbienfi
1337 1188 1591 1238 clericalem
1631 1185 1857 1231 tonsuram
1875 1217 1887 1234 ,
1908 1197 2056 1243 ¹quam

109 1248 306 1310 priestito.
343 1265 364 1294 a
398 1245 586 1308 josepho
615 1258 745 1308 patre
775 1247 1058 1304 iureiurando
1097 1253 1148 1296 ad
1184 1248 1371 1294 formam
1402 1249 1707 1312 cognitiiiimae
1744 1245 2058 1294 Constitutio-

111 1310 182 1358 nis
203 1318 282 1373 96.
302 1311 480 1371 Optimi
510 1309 728 1369 Principis
751 1309 1007 1358 Innocentii
1029 1311 1141 1358 Xll.
1163 1349 1176 1366 ,
1207 1312 1335 1366 cuius
1370 1313 1552 1359 initium
1573 1309 1634 1357 est
1664 1334 1704 1344 ——
1742 1311 2055 1366 smerlacsres

109 1382 284 1420 Domus
320 1375 459 1433 Israel
475 1398 522 1407 --
559 1375 732 1421 Bullar.
753 1391 858 1421 nav.
893 1376 988 1422 vol.
1013 1391 1091 1431 92,
1124 1376 1328 1421 obtinuit
1352 1377 1403 1422 ab
1425 1373 1780 1422 Eminentiflimo
1812 1369 2054 1430 Episcopo.

110 1435 427 1483 validitatem
468 1437 598 1493 liuius
620 1436 920 1495 promotionis
945 1437 990 1482 in
1026 1438 1208 1484 dubium
1241 1440 1479 1485 revocavit
1520 1435 1765 1492 Episcopus
1812 1436 2056 1480 Amerinus

105 1501 386 1545 contendens
411 1500 680 1559 spectandam
699 1497 783 1547 effe
805 1500 940 1561 patris
959 1501 1181 1562 originem
1200 1536 1212 1554 ,
1244 1500 1320 1563 qui
1340 1516 1586 1562 numquam>
1610 1494 2057 1544 ameria-dii‘cefferit

3 1592 7 1601 ι
54 1586 68 1592 -
104 1560 260 1609 animo
277 1562 504 1611 deserendi
523 1560 807 1614 domicilium
827 1565 1116 1611 Amerinum,
1156 1564 1204 1609 &1
1235 1578 1399 1608 novum
1430 1563 1722 1610 contrahendi
1763 1561 1807 1606 in
1845 1558 2055 1605 Civitate

105 1624 339 1672 Viterbii.
380 1626 430 1673 In
451 1627 534 1672 hac
553 1627 690 1687 igitur
714 1626 917 1673 Amerini
960 1626 1157 1686 Episcopi
1193 1626 1473 1672 dubitatione
1507 1625 1642 1673 satius
1679 1624 1808 1669 duxit
1844 1620 2056 1683 Aloysius

106 1700 258 1747 preces
276 1686 637 1736 Eminentissimis
665 1686 876 1735 Patribus
895 1687 1055 1736 offerre
1075 1723 1089 1743 ‚
1121 1688 1279 1752 quibus
1310 1688 1589 1751 postulabat,
1628 1699 1676 1734 ut
1716 1684 1959 1733 Clericalis
1978 1684 2055 1731 sua

108 1749 348 1797 Promotio
370 1754 515 1799 valida
541 1750 856 1799 declararetur
874 1783 890 1798 .

42 1812 211 1859 Auditi
231 1812 413 1862 suerunt
431 1815 609 1877 utrique
634 1813 835 1876 Episcopi
859 1834 871 1859 :
906 1826 1095 1877 utroque
1118 1813 1463 1868 iurisdictionem
1481 1815 1601 1862 suam
1619 1813 1886 1860 defendente
1907 1847 1917 1862 ,
1948 1823 2055 1855 cum

102 1891 160 1922 ex
178 1874 295 1924 faCto
313 1893 406 1924 non
436 1878 772 1930 convenirent,
798 1879 1023 1937 optimum
1041 1877 1188 1925 visum
1208 1876 1294 1924 fuit
1312 1880 1497 1926 alterius
1521 1878 1755 1935 epistolam
1788 1875 1841 1918 ad
1861 1874 2056 1918 alterum

101 1938 319 1994 mittere,
351 1942 403 1988 ut⁴
440 1942 505 1991 ita
540 1943 702 1989 melius
732 1939 834 1987 faffl
866 1940 1037 1990 veritas
1072 1943 1270 1988 constare
1306 1940 1450 2003 posset
1482 1980 1492 1990 .
1533 1939 1771 2001 Episcopus
1810 1939 2056 1983 Amerinus

105 2003 224 2050 nihil
259 2004 479 2065 respondit
514 2025 526 2050 ε
563 2003 938 2054 Eminentiffi‘mus
978 2004 1278 2051 Viterbiensis
1309 2005 1549 2065 Episcopus
1594 2002 1826 2050 luculenta
1864 1997 2054 2060 epistola

103 2080 202 2112 rem
231 2082 411 2115 omnem
430 2068 476 2114 in
504 2068 705 2128 apricum
740 2068 961 2128 protulit,
993 2068 1238 2128 rejecitque
1261 2082 1310 2113 ea
1330 2104 1342 2122 ,
1376 2085 1472 2130 qux
1508 2072 1564 2113 ab
1596 2065 1842 2112 Amerimo-
1875 2062 2055 2107 fuerant

102 2129 305 2185 obieeta.
340 2130 494 2178 Causa
513 2146 633 2178 nunc
666 2134 961 2192 proponitur,
999 2131 1040 2176 δι
1066 2143 1194 2192 urget
1234 2129 1451 2191 Aloyfius
1473 2129 1669 2178 validam
1690 2125 1775 2175 esse
1811 2123 2051 2170 declaran-

102 2191 205 2239 dam
223 2205 556 2253 promotionem
575 2227 588 2241 ,
621 2191 712 2240 live
742 2196 959 2252 lpectetur
981 2193 1150 2254 primus
1172 2229 1183 2243 ‚
1219 2191 1306 2241 five
1327 2193 1544 2254 spectetur
1561 2188 1677 2236 alter
1697 2204 1749 2235 ex
1773 2188 1950 2235 duobus
1980 2199 2054 2233 cae-

102 2254 219 2302 sibus
244 2289 259 2308 ,
287 2272 395 2318 quos
423 2258 628 2304 Summus
648 2256 861 2304 Pontifex
885 2256 1115 2303 constituit
1138 2257 1184 2302 in
1204 2257 1318 2303 dida
1356 2251 1696 2302 Constitutione
1720 2276 1761 2285 υ·
1792 2250 2056 2311 speculato-

102 2335 178 2366 res
203 2350 217 2364 .
251 2319 374 2366 Cum
398 2335 517 2366 enim
542 2320 629 2378 ipse
651 2318 930 2367 naturaliter
947 2331 1073 2365 ortus
1092 2317 1227 2365 suerit
1252 2320 1296 2364 in
1328 2316 1528 2366 Dioecefi
1553 2312 1825 2362 Viter‘oi'enli
1846 2345 1858 2361 ,
1893 2313 1935 2358 in
1966 2324 2055 2372 qua

102 2380 158 2428 ad
179 2378 432 2429 Tonsuram
466 2395 701 2443 promotus
739 2382 829 2429 fuit
856 2417 868 2434 ,
901 2382 1176 2442 consequens
1210 2394 1412 2447 apertum
1446 2380 1529 2428 effe
1564 2378 1765 2425 validam
1797 2387 2053 2438 promotio-

100 2458 207 2491 nem
228 2443 355 2491 fuiffe
375 2464 389 2491 a
425 2445 680 2493 Clariorem
698 2444 784 2491 esse
816 2449 1008 2492 alterum
1042 2444 1195 2493 casum
1214 2479 1227 2497 ,
1253 2444 1366 2504 *quia
1396 2442 1555 2503 loseph
1590 2440 1724 2487 Pater
1739 2455 1794 2486 ex
1821 2439 1919 2489 his,
1949 2451 2051 2507 quae

100 2505 233 2563 supra
247 2509 529 2556 narravimus
548 2543 562 2562 ‚
594 2508 837 2556 deseruerit
868 2509 1064 2554 animum
1091 2505 1324 2554 Ameriam
1348 2503 1600 2555 redeundi,
1633 2505 1674 2549 &
1709 2517 1877 2549 novum
1908 2504 2052 2566 domi·

99 2569 257 2615 cilium
275 2571 557 2618 contraxerit
590 2572 789 2619 Viterbii
815 2572 954 2633 longo
975 2571 1270 2632 quadraginta
1289 2572 1428 2617 trium
1463 2581 1685 2614 anno-rum
1707 2564 1918 2611 incolatu
1937 2599 1949 2615 ,
1965 2626 1971 2632 -
1987 2572 2050 2606 :ta

101 2645 152 2679 ut
172 2632 306 2681 Civis
325 2633 845 2683 viterbienfis.faciusfit
866 2670 885 2691 ,0
917 2634 1035 2682 &ad
1069 2631 1253 2680 formam
1289 2631 1434 2679 ssui'lae
1462 2631 1803 2677 Sacramentum
1836 2624 2050 2693 praestite-

100 2694 164 2740 rit
183 2711 197 2746 ;
232 2696 421 2760 ideoque
452 2697 722 2758 consequens
741 2709 943 2759 apertum
963 2694 1048 2745 effe
1067 2730 1089 2749 ,A
1111 2708 1160 2742 ut
1180 2699 1233 2743 ab
1255 2693 1608 2742 Eminentissimo
1641 2687 2048 2756 ViterbiensiGEpi-

101 2756 234 2817 scopo
257 2760 406 2806 valide
438 2759 492 2804 ad
522 2759 768 2807 [onsuram
793 2759 882 2818 ipse
913 2757 1048 2806 fuerit
1084 2772 1312 2817 promotus
1331 2786 1344 2801 .
1378 2758 1507 2802 Onus
1538 2758 1689 2814 itaque
1727 2753 1813 2798 erit
1834 2753 2047 2818 Eminen-

103 2820 373 2869 tiflimorum
405 2823 587 2868 Patrum
619 2823 860 2872 omnibus,
895 2837 999 2884 qux,
1018 2821 1074 2865 ab
1109 2831 1300 2882 utroque
1328 2819 1545 2879 Episcopo
1577 2827 1902 2878 proponuntur
1922 2844 1937 2862 ,
1970 2817 2048 2857 di-

102 2883 329 2992 {genten
366 2897 415 2933 ut
444 2884 588 2935 solent
621 2920 639 2940 ‚,
668 2883 913 2948 perspectis
942 2918 956 2937 ,
990 2881 1231 2930 decernere
1261 2917 1276 2937 ,
1306 2897 1394 2944 qua
1419 2882 1598 2928 ratione
1630 2878 1962 2941 expediendum
1994 2872 2045 2920 fit

157 2949 338 2997 obium.

41 3008 118 3056 An
144 3012 313 3131 γηθεῖ
332 3013 383 3060 de
415 3012 577 3063 valida
586 3015 872 3079 promotione
909 3008 1091 3072 Al‘oyfii‘
1115 3011 1172 3056 ad
1196 3013 1399 3077 primam
1433 3003 1694 3056 clericalem
1729 3005 1964 3067 Tonsuram
1996 3003 2046 3048 in
2103 3065 2107 3069 .

104 3086 153 3118 ca
177 3091 203 3119 a
222 3079 322 3125 &a
605 3076 609 3079 ’
711 3082 715 3084 ’
1719 3104 1722 3105 ⁷

162 3197 457 3252 ,affirmative
473 3233 488 3248 .

174 3325 880 3378 OMANAMATRIMONH
901 3347 915 3375 ε
947 3330 1122 3391 Captus
1151 3341 1300 3376 amore
1331 3323 1526 3374 honestae
1541 3321 1710 3371 Puellae
1736 3324 1917 3379 Joannae
1949 3317 2044 3364 Ti-
2122 3311 2237 3371 Sess·
2257 3320 2328 3363 24·
2347 3325 2387 3355 C·
2414 3321 2457 3355 1·

188 3390 286 3437 roni
311 3391 532 3439 Hercules
552 3391 705 3440 Faetia
726 3391 954 3441 lmolenfis
983 3392 1202 3451 sponsalia
1220 3406 1327 3438 cum
1347 3406 1398 3436 ea
1418 3390 1650 3436 contraxit
1672 3422 1685 3454 3
1723 3400 1861 3446 utque
1879 3395 2044 3431 matri·
2089 3378 2140 3425 de
2160 3377 2255 3439 Ref-
2270 3382 2410 3422 Matr·

97 3452 303 3499 monium
325 3455 463 3502 etiam
488 3456 775 3503 contraheret
795 3491 807 3508 ,
843 3454 1086 3518 postulavit
1108 3460 1161 3504 ab
1180 3451 1533 3502 Eminentiffimo
1567 3451 1704 3498 Urbis
1741 3449 1929 3495 Vicario
1954 3462 2042 3493 ve-

97 3515 222 3560 niam
241 3516 358 3563 illud
378 3517 563 3567 ineundi
592 3516 681 3567 fine
702 3520 898 3577 publicis
931 3518 1358 3568 denunciationibus
1384 3552 1394 3565 .
1424 3514 1553 3562 Cum
1586 3513 1702 3560 hane
1736 3512 1919 3559 veniam
1948 3524 2044 3556 non

98 3576 378 3638 impetrasset
395 3615 410 3634 2
439 3581 619 3631 curavit
639 3598 663 3629 a
680 3581 892 3630 Civitate
919 3582 1076 3629 lmolae
1095 3577 1434 3629 testificationes
1459 3576 1593 3624 status
1626 3575 1782 3622 liberi:
1817 3589 1912 3621 rem
1946 3587 2042 3644 om-

98 3653 202 3689 nem
218 3640 304 3689 hac
318 3644 554 3692 occasione
574 3658 889 3710 cognoverunt
907 3643 1231 3709 consanguinei
1249 3678 1263 3696 ,
1295 3644 1341 3693 8<
1357 3643 1454 3703 ejus
1473 3641 1619 3691 frater
1649 3638 1853 3689 Romam
1880 3648 2009 3684 vemt
2024 3667 2039 3690 ,

285 3710 545 3758 Tom.XXJI.
1184 3707 1245 3754 D«
1269 3718 1298 3754 2
1801 3714 1855 3749 ut
1876 3713 1981 3747 eum
