2571 3961
2007 115 2065 156 61

120 193 247 236 rarii
263 220 278 234 .
314 188 423 247 Egre
447 185 493 232 id
510 184 656 232 ferens
681 185 878 246 Populus
897 187 1014 234 Levi
1031 217 1046 236 ‚
1077 181 1152 230 cni
1182 175 1517 228 incommodum
1531 174 1594 224 est
1613 177 1827 223 accedere
1847 176 1899 221 ad
1918 174 2071 220 Eccle-

127 251 234 298 siam
250 251 292 297 S.
315 248 526 295 Bernardi
557 249 678 296 ultra
697 248 892 295 Terram
911 249 1162 295 somerarii
1189 242 1314 291 sitam
1336 273 1349 293 ‚
1384 240 1500 289 adiit
1517 240 1780 302 Episcopum
1806 237 2070 285 Novarien-

131 313 253 367 sem,
284 315 389 374 qui,
421 326 528 358 cum
563 310 749 358 audisset
771 310 1041 363 aParocho,
1075 309 1117 356 &
1158 301 1568 353 Somerarienfibus
1588 303 1706 349 hanc
1727 298 1814 347 esse
1848 299 2072 348 vetustam

129 375 501 429 consuetudinem
527 409 541 427 ,
576 374 652 421 cui
686 373 862 423 causam
896 374 1074 420 dederat
1109 383 1300 433 antiqua
1322 366 1607 420 conventio,
1647 363 1871 427 Populum
1911 366 2073 411 Levia

132 436 436 501 postulatione
455 436 612 493 reiecit
632 467 647 482 .

69 498 284 558 F.eje&us
305 500 497 560 Populus
516 501 568 546 ad
589 499 675 545 hoc
691 500 873 546 Sacrum
893 495 1124 546 Tribunal
1143 495 1350 561 confugit
1367 531 1382 551 ‚
1414 493 1631 555 precibus
1663 487 1832 538 oblatis
1860 523 1874 542 ,
1906 486 2073 549 quibus

132 563 379 624 postulabat
397 596 411 614 ‚
434 574 486 609 ut
503 561 861 621 compelleretur
877 561 1102 608 Parochus
1120 560 1173 605 ad
1191 560 1362 621 agenda
1378 559 1513 605 Sacra
1538 592 1550 610 ,
1569 559 1609 603 δι
1633 551 1926 601 Parochiales
1949 550 2075 596 Fun-

132 626 302 672 aiones
323 626 568 686 explendas
601 625 647 669 in
673 621 870 671 Ecclesia
887 623 1140 670 parochiali
1164 653 1175 665 .
1210 625 1406 670 Auditus
1425 616 1668 681 Episcopus
1700 613 1934 678 respondit
1958 625 2075 660 con-

133 700 202 735 tra
220 688 441 750 Populum
459 686 617 735 Terrae
640 692 754 735 Levi
775 699 871 731 tum
899 701 955 732 ex
974 687 1162 746 antiqua
1187 683 1511 733 consuetudine
1530 718 1544 737 ,
1580 694 1677 727 tum
1703 695 1759 725 ex
1794 675 2075 725 conventio-

133 767 192 798 ne
211 787 221 798 .
253 751 374 799 Cum
391 765 500 797 vero
519 750 717 809 Populus
737 751 879 798 Levi,
913 749 1018 796 dato
1052 748 1233 794 Libello
1251 780 1264 799 ‚
1293 759 1503 796 neutrum
1530 742 1712 807 probari
1745 737 2037 801 respondisset
2059 770 2072 788 ,

134 816 224 861 alia
241 813 343 862 data
363 810 646 872 suitepistola
665 811 721 856 ad
751 810 960 858 eumdem
977 813 1242 873 Episcopum
1262 813 1401 875 super
1433 813 1570 857 novis
1594 802 1811 870 precibus
1829 833 1845 848 .
1877 800 2069 849 Rescri-

132 876 216 940 pfit
237 878 314 924 hic
332 876 493 923 iterum
512 885 672 922 contra
703 872 931 935 Populum
953 881 1100 929 Levi,
1135 874 1258 937 quod
1290 875 1470 922 tandem
1491 904 1522 924 ³>
1555 871 1798 916 inventum
1828 865 1965 913 fuerit
1992 862 2071 909 1¹¹·

133 975 166 995 2,
198 939 490 986 strumentum
505 971 519 990 ,
550 951 607 983 cx
624 952 715 998 q-uo
731 935 1063 985 parochialium
1083 973 1096 990 ‚
1127 938 1168 983 δι
1193 933 1596 984 Ecclefiasticarum
1618 930 1915 979 Funditionum
1932 927 2073 973 alter·

131 1037 165 1056 ³,
198 1001 352 1050 nativa
379 1001 465 1047 huc
481 998 616 1063 usque
635 1000 891 1061 impugnata
919 1001 1183 1063 perabunde
1214 1000 1599 1064 comprobabatur
1619 1029 1649 1048 ,,
1686 990 1893 1053 misitque
1909 990 2072 1045 adjun-

133 1067 250 1112 Ctum
267 1061 469 1122 epistolae
489 1062 572 1108 suae
587 1061 850 1115 secundum,
887 1067 1001 1124 quod
1018 1064 1146 1125 supra
1165 1063 1406 1111 retulimus
1432 1099 1446 1118 ,
1485 1058 1839 1107 Instrumentum
1866 1054 2071 1100 declara-

133 1127 272 1174 tionis
291 1125 411 1173 fac‘tae
430 1141 454 1171 a
472 1125 647 1173 duobus
675 1125 1044 1175 Procuratoribus
1066 1129 1112 1172 in
1147 1126 1364 1175 Concilio
1396 1121 1615 1174 Generali
1640 1117 1877 1180 utriusque
1896 1114 2068 1179 Populi

129 1187 386 1257 constitutis
404 1222 418 1241 ,
441 1189 483 1234 ὅ(
502 1189 589 1236 hoc
609 1188 963 1235 instrumentum
982 1202 1139 1237 extare
1156 1189 1332 1237 dicitur
1351 1227 1382 1245 ,,
1416 1191 1460 1236 in
1479 1187 1614 1232 Libro
1632 1181 1963 1231 visitationum
1980 1177 2076 1225 exi·

131 1287 165 1309 ‚,
196 1251 304 1298 sten.
339 1267 386 1297 1n
408 1250 611 1298 Archivo
631 1251 876 1313 Episcopali
902 1251 1117 1300 Novariae
1136 1289 1149 1306 ‚
1180 1254 1399 1302 videlicet
1428 1254 1475 1301 in
1491 1246 1769 1295 Vilitatione
1801 1243 2071 1291 Vicariatus

131 1349 166 1370 „
197 1313 367 1362 Baveni
389 1313 500 1360 sacta
518 1315 574 1359 ab
596 1314 803 1361 Antonio
823 1314 1067 1363 Torniello
1091 1317 1311 1379 Episcopo
1336 1309 1603 1364 Novariensi
1622 1340 1638 1357 .
1666 1305 1814 1355 Causa
1829 1321 1947 1353 nunc
1968 1319 2075 1366 pro-

128 1379 351 1441 ponitur,
371 1378 417 1423 &
445 1375 638 1437 Populus
671 1376 832 1425 Terrae
857 1384 974 1428 Levi
990 1392 1121 1441 urget
1156 1380 1492 1440 dispositionem
1526 1377 1759 1421 Sacrorum
1792 1368 2036 1416 Canonum
2057 1401 2072 1418 ,

127 1459 186 1490 ex
205 1456 291 1503 qua
324 1440 519 1488 Parochi
552 1452 764 1487 tenentur
789 1443 834 1488 in
879 1441 1097 1489 Ecclesia
1126 1444 1381 1492 parochiali
1400 1443 1555 1490 diebus
1607 1432 1865 1483 Dominicis
1895 1466 1909 1485 ,
1939 1429 2073 1479 aliis-

131 1521 216 1566 que
250 1502 386 1551 Festis
423 1507 558 1551 Sacra
596 1518 727 1565 agere
754 1539 766 1557 ‚
797 1506 841 1552 &
875 1503 1138 1554 Functiones
1176 1506 1461 1554 parochiales
1507 1500 1698 1564 explere
1734 1533 1747 1550 2
1779 1509 1927 1559 neque
1961 1492 2073 1556 pos-

131 1569 302 1616 suntea
330 1582 459 1629 agere
478 1566 524 1611 in
541 1565 643 1611 aliis
670 1565 909 1620 Eccleiiis,
951 1567 1036 1615 sint
1055 1571 1276 1618 illaelicet
1295 1569 1412 1617 intra
1443 1566 1556 1615 fines
1587 1558 1818 1612 Parochiae
1855 1557 1946 1604 sitae
1966 1589 1980 1608 ‚
2014 1566 2066 1602 ut

131 1642 353 1693 perpetuo
373 1628 603 1691 respondit
623 1627 706 1676 hoc
742 1630 928 1677 Sacrum
946 1630 1180 1681 Tribunal
1198 1671 1211 1689 ,
1245 1634 1287 1680 δι
1308 1634 1550 1695 praesertim
1571 1633 1616 1676 in
1634 1634 1814 1674 Lucana
1853 1635 1868 1666 ι
1884 1633 1923 1674 S·
1962 1624 2076 1666 ‘No-

131 1693 340 1743 vembris
386 1706 549 1748 1729„
584 1692 777 1753 aliisque
817 1709 924 1755 quas
953 1694 1092 1743 refert
1119 1696 1297 1755 Barbofi
1329 1699 1380 1743 de
1419 1695 1569 1755 offic„
1601 1697 1659 1741 &
1677 1682 1839 1747 potest.
1877 1681 2074 1728 Pei-och.

120 1767 232 1820 par.
258 1767 410 1817 neap.
439 1773 508 1804 11.
533 1772 577 1801 n.
604 1770 645 1816 3.
663 1759 709 1803 in
728 1759 1119 1814 Hidruntina.·13.
1149 1758 1281 1808 Febr.
1322 1767 1482 1818 1639.,
1513 1769 1564 1803 ut
1586 1754 1632 1801 in
1663 1749 1746 1799 lib.
1777 1755 1849 1796 16.
1884 1748 2038 1794 decret
2060 1776 2075 1796 2

131 1821 176 1867 δι
197 1834 341 1884 nuper
361 1821 404 1867 in
431 1820 714 1880 Fulginaten.
744 1836 814 1879 19.
836 1820 1032 1880 Augusti
1059 1834 1194 1884 1752.
1212 1828 1270 1871 (φ
1308 1835 1375 1869 12,
1398 1823 1669 1882 Maii1753.
1691 1823 1742 1859 ut
1769 1809 1819 1857 in
1839 1809 1960 1866 Thes.
1991 1816 2076 1864 Re-

119 1884 206 1943 s0l-
241 1892 339 1932 5⁶2⁶·
365 1890 578 1950 CO'ngegg
613 1884 716 1932 Vol·
740 1890 858 1930 XXI·
889 1901 902 1927 ε
945 1883 1242 1947 Dispositioni
1276 1883 1394 1940 Juris
1425 1880 1652 1930 Canonici
1682 1875 1891 1923 accedere
1915 1871 2074 1940 paCfa,

129 1946 253 2016 leges
283 1980 296 1998 ,
323 1948 367 1992 &
404 1945 686 2013 condit-iones
721 1945 839 1994 Doti
872 1945 994 1994 datas
1030 1951 1083 1996 ab
1116 1960 1312 2010 utroque
1349 1944 1525 2006 Populo
1552 1982 1565 2000 ,
1614 1955 1664 1991 ut
1696 1955 1755 1986 ex
1796 1935 1947 2001 verbis
1986 1950 2078 2004 pu·-

122 2010 258 2080 bii-el·
276 2007 563 2056 Instrumentl
605 2041 619 2060 ‚
667 2025 764 2071 quae
802 2010 930 2072 supra
958 2012 1163 2060 dedimus
1194 2032 1208 2063 ς
1254 2009 1483 2058 Accedere
1525 2002 1785 2058 consensum
1830 1996 2038 2058 Episcopl
2060 2031 2075 2051 2

125 2086 207 2135 qui
245 2085 293 2119 in
323 2071 625 2119 instrumento
670 2072 908 2121 ereffionis
939 2090 1069 2123 novae
1106 2073 1334 2122 Parochiae
1379 2070 1632 2120 reservavit
1666 2061 1873 2117 Ecclesiae
1902 2058 1953 2106 Β.
1973 2060 2076 2106 Ma-

120 2136 202 2184 ,τίκ
221 2133 465 2198 Affumptae
492 2134 650 2184 Terrae
673 2142 788 2186 Levi
803 2137 952 2184 omnia
985 2139 1088 2193 Jura
1106 2174 1119 2191 ,
1151 2137 1331 2189 officim
1362 2139 1407 2184 ἃ
1439 2134 1710 2181 Funfflones
1748 2123 2036 2175 Parochiales
2059 2140 2075 2178 ὁ

127 2199 371 2248 Accedere
389 2196 647 2247 consensum
667 2199 901 2262 utriusque
921 2199 1077 2257 Populi
1096 2236 1109 2254 ,
1141 2200 1219 2262 qui
1243 2201 1327 2247 hoc
1363 2197 1608 2247 eredionis
1645 2193 1992 2241 instrumentum
2026 2192 2075 2236 in

70 2303 75 2310 .
127 2264 335 2310 omnibus
353 2297 367 2316 ,
399 2264 544 2325 &per
569 2265 720 2311 omnia
737 2275 884 2311 ratum
912 2265 1099 2311 habuit:
1137 2266 1377 2312 Accedere
1414 2265 1587 2309 demum
1611 2254 1950 2306 observantiam
1985 2249 2076 2296 fere

115 2325 442 2393 cen-tenariam
464 2359 476 2377 ,
504 2340 606 2372 cum
622 2341 647 2370 a
662 2326 734 2371 die
752 2326 991 2375 erectionis
1010 2329 1061 2374 ad
1080 2343 1245 2374 annum
1272 2340 1400 2381 1732.
1422 2321 1621 2371 parochi
1640 2334 1798 2367 omnes
1817 2316 1958 2365 sacra
1981 2347 1995 2367 ,
2027 2316 2077 2366 &

127 2386 398 2437 Funchones
419 2387 701 2435 parochiales
723 2392 899 2453 egerint
927 2391 970 2436 in
1000 2390 1191 2439 Ecclesia
1216 2385 1471 2437 parochiali
1489 2386 1652 2433 Terrae
1677 2385 1824 2431 Levi.
1923 2439 1935 2448 ·
2035 2438 2045 2447 ·

67 2454 175 2505 Nec
190 2464 366 2499 mutare
389 2451 736 2519 lnstrumentum
752 2454 866 2501 illud
892 2453 1052 2500 facium
1075 2470 1099 2500 a
1118 2455 1291 2501 duobus
1310 2448 1704 2499 Procuratoribus;
1729 2443 1838 2505 quia
1854 2439 2077 2505 quidquid

120 2515 215 2570 iit,
245 2530 301 2561 an
319 2516 505 2575 probum
527 2516 876 2579 legitimumque
910 2517 1162 2564 habendum
1182 2514 1233 2562 fit
1262 2550 1277 2569 ‚
1318 2515 1491 2564 nullum
1512 2522 1665 2558 tamen
1691 2541 1706 2561 ,
1737 2508 1779 2555 δι
1812 2505 2077 2555 invalidam

127 2576 424 2631 remanserit,
460 2590 510 2624 ut
532 2589 763 2638 tamquam
797 2591 1061 2629 revocatum
1081 2615 1094 2633 ,
1125 2577 1530 2635 &inobservatum
1558 2572 1700 2634 spatio
1731 2566 1948 2628 temporis
1983 2565 2077 2612 fere

117 2641 376 2690 ‘centenarii
405 2639 534 2688 nullo
556 2641 603 2688 in
633 2641 785 2704 pretio
804 2640 1157 2689 sithabendum=
1193 2641 1374 2689 nullum
1403 2635 1616 2699 quidem,
1646 2645 1784 2696 atque
1818 2627 2079 2681 invalidum

115 2701 375 2754 >remansisse
395 2703 566 2750 defectu
602 2705 952 2753 ratihabitionis
973 2706 1164 2752 duorum
1191 2703 1463 2762 Populorum
1481 2735 1495 2754 ,
1527 2700 1572 2746 8<
1604 2696 1781 2744 defectu
1816 2692 2078 2751 consensis,

127 2766 529 2832 &approbationis
550 2769 755 2829 Episcopi
772 2800 788 2815 .
820 2768 940 2815 Cum
972 2768 1092 2814 enim
1113 2766 1206 2813 duo
1230 2766 1552 2813 Procuratores
1569 2775 1662 2808 non
1695 2754 1954 2808 habuissent
1976 2753 2077 2812 spe-

119 2829 274 2883 ciale,
312 2831 355 2878 &
374 2829 630 2877 distinctum
666 2834 928 2879 mandatum
945 2829 999 2878 ad
1029 2827 1286 2877 faciendam
1318 2825 1690 2875 distributionem
1701 2835 1790 2887 per
1823 2820 2079 2868 alternati-

119 2907 239 2942 ·vam
259 2928 272 2946 ,
301 2893 373 2940 sed
404 2894 665 2941 mandatum
691 2895 952 2955 genericum
974 2892 1027 2938 ad
1040 2896 1300 2951 faciendam
1323 2890 1686 2941 distributionem
1708 2884 1938 2944 Missurum
1958 2881 2081 2929 cele·

122 2955 402 3009 brandartaem
424 2956 472 3005 in
504 2962 633 3005 Locis
673 2962 818 3011 Levi,
855 2964 913 3007 Θ*
941 2958 1193 3005 Somerarii
1222 2990 1236 3009 .
1266 2965 1316 3001 ut
1338 2953 1535 3010 Populus
1568 2948 1799 3009 utriusque
1821 2945 2005 2996 Terrae,
2038 2942 2081 2990 &

123 3016 373 3087 praesertim
393 3024 510 3068 Levi
524 3018 753 3082 obligatus
773 3019 1087 3081 obstric'tusque
1110 3015 1222 3064 esset
1241 3051 1254 3069 ,
1287 3013 1612 3064 distributione
1637 3011 1746 3058 facia
1765 3025 1790 3055 a
1809 3008 2082 3074 Procurato-

124 3082 248 3128 ribus
260 3094 348 3142 per
384 3084 750 3134 alternativam,
783 3081 955 3130 necesse
980 3079 1130 3130 fuisset
1150 3115 1165 3133 ,
1200 3092 1251 3127 ut
1273 3079 1428 3126 modus
1463 3077 1541 3123 hic·
1570 3071 1815 3136 propositus
1853 3066 2002 3119 suisset
2032 3069 2082 3114 in

125 3143 346 3193 Concilio
363 3147 549 3192 duarum
567 3143 813 3193 Terrarum
833 3182 846 3200 ,
878 3147 920 3193 δι
941 3145 1000 3192 ab
1018 3156 1208 3204 utroque
1223 3141 1400 3203 Populo
1416 3139 1680 3188 ratihabitus
1697 3172 1710 3190 ‚
1744 3135 1870 3197 quod
1890 3145 1992 3180 cum
2008 3129 2083 3177 fa-

128 3207 249 3255 fiuffl
273 3224 363 3256 110ss
383 3207 516 3256 fuerit
535 3241 548 3261 ³
579 3207 758 3255 nullum
778 3220 913 3266 atque
935 3206 1185 3255 invalidum
1215 3202 1464 3252 remanfiffe
1483 3200 1832 3248 instrumentum
1853 3193 1968 3243 illud
1993 3194 2085 3241 Al-

124 3275 373 3333 ternativae
393 3289 406 3316 ε
440 3269 692 3318 Praesertim
711 3269 817 3331 quia
837 3271 1054 3333 Episcopo
1071 3268 1325 3316 exhibitum
1346 3281 1437 3313 non
1455 3265 1541 3312 fuit
1565 3300 1576 3316 ‚
1605 3264 1793 3323 ideoque
1812 3259 1990 3324 nullum
2004 3267 2082 3302 at-

124 3348 212 3397 que
229 3335 480 3384 invalidum
501 3332 800 3387 remanserit,
831 3334 940 3396 quia
959 3369 973 3388 ,
1009 3333 1119 3380 licet
1138 3329 1344 3377 Patronis
1370 3327 1518 3376 Laicis
1559 3326 1736 3374 licitum
1766 3321 1817 3369 fit
1853 3323 1897 3369 in
1923 3318 2080 3365 limine

123 3397 432 3445 Fundationis
466 3397 588 3460 leges
606 3431 620 3450 ,
654 3396 697 3442 ὅ(
733 3397 1014 3445 conditiones
1036 3409 1255 3457 apponere
1272 3392 1367 3447 Juri
1402 3389 1678 3442 contrarias,
1706 3385 1854 3446 qualis
1879 3382 1958 3431 illa
1981 3393 2080 3428 erat

124 3462 442 3509 „alternatim
477 3462 802 3509 celebrationis
822 3468 1057 3507 Sacrorum
1075 3493 1090 3512 ,
1126 3464 1182 3507 (9⁸
1197 3458 1479 3515 fimbiionum
1500 3450 1848 3500 ‘Parochialium
1873 3481 1887 3501 ,
1914 3443 2078 3491 neces-

123 3522 246 3570 sario
267 3533 418 3569 tamen
440 3526 648 3570 accedere
667 3524 827 3570 debeat
841 3521 1079 3571 consensus
1109 3554 1124 3573 ‚
1155 3520 1199 3566 8<
1224 3515 1494 3578 approbatio
1514 3510 1752 3577 Episcopi,
1782 3523 1832 3558 ut
1863 3509 2044 3555 valeant
2061 3540 2077 3560 ‚

120 3586 166 3631 &
194 3584 432 3634 consensus
450 3585 526 3633 hic
546 3600 635 3632 non
661 3584 767 3634 satis
798 3584 850 3632 sit
882 3587 1048 3631 tacitus
1071 3615 1086 3634 ‚
1114 3582 1184 3627 sed
1216 3581 1470 3642 requiratur
1489 3574 1727 3638 expressus
1746 3610 1758 3622 .
1798 3574 1889 3621 Hic
1921 3582 2076 3618 autem

113 3661 267 3712 neque
295 3648 487 3698 tacitum
505 3683 519 3703 ,
553 3663 696 3710 neque
712 3645 962 3711 expressum
976 3642 1145 3710 affuisse
1160 3677 1176 3699 ,
1207 3658 1312 3692 cum
1331 3641 1572 3706 Episcopus
1589 3638 1943 3688 instrumentum
1963 3631 2076 3700 illud

1874 3707 2010 3758 peni-
