2571 3961
564 225 641 321 {2⁹}
659 307 671 325 ,
709 287 807 333 quae
829 271 982 333 &ipsa
1003 269 1123 333 Lugi
1158 281 1265 317 nata
1295 280 1396 318 erat
1417 303 1430 320 ,
1467 271 1614 319 locum
1634 273 1680 319 in
1699 272 1972 319 Monasterio
1991 273 2261 325 Cottiniolae
2297 277 2510 326 obtinere

566 334 704 396 posset
724 369 739 387 ,
767 335 948 383 curavit
964 351 1083 381 anno
1115 345 1243 402 1743.
1262 368 1276 385 ,
1311 346 1360 378 ut
1383 331 1504 379 inter
1541 332 1815 383 Cottiniolae
1840 335 1982 384 Cives
2012 339 2290 400 allegeretur
2315 373 2329 392 ‚
2367 353 2506 406 atque

567 398 633 445 ita
654 398 803 444 locum
825 397 873 444 in
894 397 1172 444 Monasterto
1192 410 1278 455 pro
1297 394 1419 440 Filia
1437 397 1635 443 obtinuit
1658 433 1668 444 .

504 451 664 511 Aliam
682 460 803 506 viam
825 459 1001 518 ingr-effi
1021 458 1121 504 sunt
1149 459 1312 503 Patrus
1336 458 1599 505 Alexander
1617 458 1865 507 Cervinius
1884 459 2117 522 Lugienfis
2137 498 2149 519 ,
2185 463 2360 526 ejusque
2385 480 2501 514 uxot·

567 521 728 570 Ursula
765 521 891 568 Bolis
908 554 922 574 ‚
957 533 1006 566 ut
1032 519 1305 582 Magdalena
1331 535 1485 568 eorum
1508 519 1604 568 filia
1628 523 1777 570 locum
1795 523 1842 570 in
1873 539 2038 570 eorum
2070 523 2344 574 Monasterio
2373 529 2505 574 obti-

563 597 697 633 neret
711 618 725 635 ,
764 598 870 629 cum
893 584 1015 629 enim
1036 583 1124 630 duo
1139 583 1364 630 obstarent
1384 583 1510 631 filice
1531 618 1561 638 ‚‚
1595 584 1629 632 il
1656 586 1801 647 primo
1820 586 1894 634 de’
1907 586 2028 647 quali
2048 585 2076 632 si
2095 588 2121 633 ὲ
2137 622 2152 640 ,
2185 590 2268 635 che
2286 604 2380 638 non
2400 606 2504 650 por-

562 682 594 701 „
630 660 675 692 ta
695 646 728 692 il
763 660 982 706 cognome
1001 645 1129 694 Bolis
1154 661 1339 706 pernen
1359 645 1606 697 discendere
1624 650 1943 697 direttatnente
1961 648 2082 696 dalla
2098 650 2209 698 Casa
2248 651 2399 708 Bolis,
2432 668 2505 700 ma

564 745 596 765 „
631 707 758 755 bensi
778 706 1144 756 indirettamente
1163 711 1394 757 mediante
1425 710 1588 757 Orsola
1605 712 1759 760 Madre
1776 713 1820 760 di
1852 711 1964 759 Casa
1987 709 2108 760 Bolis
2131 749 2145 767 ‚
2175 716 2228 761 ed
2250 714 2283 761 il
2313 716 2504 764 secondo

562 807 594 827 „
628 786 706 831 per
723 787 815 819 non
834 769 946 817 esser
961 785 1067 818 nata
1085 773 1204 820 nella
1226 771 1370 820 Terra
1395 771 1438 818 di
1453 772 1730 837 Cottignola
1748 811 1761 831 ,
1795 791 1865 823 tna
1884 775 2006 821 bensi
2027 775 2072 822 in
2094 774 2224 839 Lugo
2238 811 2270 830 ,‚
2284 809 2298 824 .
2329 777 2502 826 Ursu1a

563 836 721 883 Mater
741 849 903 896 preces
916 835 1084 881 obtulit
1105 834 1385 882 Sanctissimo
1403 835 1613 885 Domino
1625 838 1770 886 nostro
1785 873 1798 892 ,
1828 836 2060 903 postulans
2079 874 2091 892 ,
2126 854 2174 887 ut
2192 838 2341 889 vellet
2356 876 2389 894 „
2408 841 2505 887 abi-

566 932 598 953 „
631 897 769 944 litare
793 898 834 943 la
856 896 1091 957 preddetta
1128 897 1282 944 Maria
1316 897 1592 945 Maddalena
1608 900 1683 948 sua
1702 902 1845 964 Figlia
1875 915 1953 963 per
1973 916 2161 950 monaca
2184 903 2230 950 in
2262 901 2503 951 Monaste-

563 996 596 1017 ‚,
630 976 685 1008 ro
703 975 787 1006 con
811 961 853 1006 la
886 957 1010 1005 steffa
1030 961 1328 1021 prerogativa
1345 961 1396 1006 di
1428 962 1631 1009 entrarvi
1647 962 1776 1010 senza
1792 967 1899 1011 dote
1921 999 1949 1017 ‚.
1972 995 1987 1010 .
2019 963 2335 1013 Postulationis
2371 967 2503 1022 huius

563 1021 770 1083 cognitio
788 1026 888 1068 data
908 1021 995 1068 fuit
1021 1021 1371 1069 Emis-Patribus
1391 1057 1402 1070 .
1440 1024 1634 1072 Auditus
1654 1024 1802 1088 igitur
1824 1062 1837 1080 ‚
1868 1040 1916 1073 ut
1939 1024 2033 1074 fieri
2073 1029 2212 1080 solet,
2251 1028 2504 1091 Episcopus

566 1081 796 1132 lm'olensrs
813 1086 1052 1132 secundum
1077 1085 1398 1147 Magdalenam
1415 1085 1648 1146 respondit
1666 1124 1675 1140 ,
1706 1089 1812 1150 quia
1830 1103 1898 1136 res
1921 1103 2008 1136 non
2027 1087 2078 1136 stt
2093 1090 2152 1138 de
2172 1093 2394 1154 agnatitio
2409 1091 2499 1141 ali-

564 1165 660 1211 quo
689 1145 1054 1195 Fideicomrnisso
1072 1182 1086 1200 ,
1118 1148 1311 1210 ideoque
1330 1148 1447 1195 nihil
1468 1163 1592 1199 vetet
1613 1186 1625 1204 ‚
1655 1149 2038 1202 utdeficientibus
2068 1155 2231 1212 puellis
2268 1159 2502 1217 signatis,

566 1214 610 1259 &
628 1213 681 1258 ad
698 1211 997 1258 excludendas
1026 1225 1265 1258 extraneas
1285 1213 1440 1260 veniat
1473 1213 1742 1277 Magdalena
1761 1215 1838 1263 sub
1863 1215 2012 1264 verbis
2033 1213 2123 1263 illis
2146 1220 2309 1277 delfiaeo
2321 1231 2502 1281 paren·

565 1278 671 1323 tado
693 1275 745 1320 de
768 1275 890 1321 Bolis
909 1307 923 1326 ,
959 1277 1153 1334 benigna
1176 1272 1384 1336 siquidem
1416 1276 1797 1339 interpretatione
1827 1293 1880 1325 ea
1910 1277 1975 1325 ita
1999 1276 2082 1327 effe
2119 1279 2378 1341 accipienda
2399 1317 2412 1334 ‚
2447 1291 2501 1328 ut

565 1351 689 1386 mens
714 1334 961 1384 'sestatoris
982 1335 1117 1385 fuerit
1135 1338 1431 1386 admittendas
1448 1339 1533 1386 effe
1550 1342 1725 1401 puellas
1741 1343 1971 1404 Cognatas
2001 1339 2316 1390 deficientibus
2340 1344 2503 1407 Agna-

567 1402 625 1449 tis
647 1416 660 1443 ε
699 1415 784 1446 nec
801 1413 977 1446 mutare
997 1433 1011 1452 ,
1047 1406 1163 1463 quod
1194 1399 1462 1463 Magdalena
1482 1402 1601 1466 Lugi
1625 1418 1733 1451 nata
1764 1405 1903 1452 fuerit
1920 1439 1934 1457 ,
1969 1420 2058 1451 non
2084 1404 2362 1454 Cottiniolae
2381 1441 2394 1460 ‚
2429 1416 2508 1454 aut

565 1464 614 1512 in
632 1463 727 1519 ejus
744 1476 850 1524 agro
869 1497 880 1514 ,
914 1478 1017 1509 cum
1047 1464 1093 1511 id
1114 1466 1316 1511 voluerit
1352 1465 1381 1509 Ἰ
1399 1463 1560 1514 estator
1583 1467 1630 1514 in
1665 1468 1891 1518 extraneis
1909 1502 1922 1520 ,
1951 1483 2040 1515 non
2060 1468 2105 1516 in
2133 1468 2480 1532 consanguineis
2495 1504 2509 1517 .

566 1526 703 1574 Hanc
724 1526 1156 1587 interpretationem
1177 1530 1514 1591 comprobatam
1532 1530 1657 1579 fuiffe
1680 1531 1892 1592 exemplo
1911 1528 2017 1578 filiae
2036 1532 2101 1589 Joz
2137 1533 2313 1580 Antoni
2348 1533 2402 1578 de
2423 1531 2514 1578 Bo·
2535 1535 2542 1564 ’-

565 1590 621 1636 lis
643 1624 657 1643 ‚
690 1604 818 1649 quae,
856 1590 966 1636 licet
987 1606 1133 1649 neque
1151 1591 1424 1641 Cottiniolae
1441 1607 1586 1655 neque
1603 1596 1650 1642 in
1673 1596 1771 1651 ejus
1788 1609 1894 1658 agro
1911 1609 2014 1641 nata
2047 1593 2156 1642 esset
2176 1631 2189 1649 ,
2229 1593 2415 1644 admiss‘a
2439 1607 2512 1641 ta-

560 1666 669 1698 men
688 1651 827 1699 suerit
843 1686 858 1705 ,
889 1654 1007 1714 quod
1025 1653 1131 1700 effet
1152 1653 1485 1714 consanguinea
1502 1675 1515 1702 ε
1536 1657 1780 1719 pauperem
1797 1659 2029 1706 dicendam
2052 1657 2136 1705 effe
2157 1657 2479 1720 Magdalenam
2493 1690 2511 1711 .

560 1728 662 1763 cum
687 1716 823 1763 Pater
840 1716 1038 1775 plurium
1058 1716 1261 1765 filiorum
1293 1733 1479 1768 numero
1509 1719 1672 1780 preffus
1711 1734 1903 1786 cogatur
1939 1721 2234 1771 Causidicum
2254 1737 2387 1784 agere
2415 1756 2430 1775 ,
2461 1732 2513 1769 ut
2550 1768 2551 1771 ,

564 1775 609 1824 se
625 1813 639 1831 ,
669 1777 860 1840 suosque
883 1779 1048 1827 liberos
1068 1781 1163 1827 alat
1184 1818 1194 1829 .
1227 1782 1338 1829 Haec
1358 1782 1601 1844 Episcopus
1617 1816 1633 1834 .

501 1840 778 1889 Sodaiitium
795 1858 908 1889 vero
926 1844 1117 1890 omnino
1149 1844 1463 1905 repellendam
1478 1846 1563 1894 esse
1594 1864 1618 1893 a
1655 1845 1738 1894 Pio
1765 1849 1918 1910 legato
1947 1848 2274 1910 Magdalenam
2299 1844 2510 1902 differit,

562 1907 680 1965 quod
701 1903 761 1951 iis
779 1939 793 1956 ‚
827 1919 936 1966 quas
954 1904 1167 1961 Testator
1189 1908 1363 1961 voluit,
1396 1911 1697 1972 qualitatibus
1718 1909 1769 1957 fit
1803 1911 2024 1958 destituta
2041 1943 2056 1963 ,
2093 1925 2236 1973 neque
2269 1910 2529 1958 Cottinior

563 1968 620 2015 1ae
639 2001 654 2020 ,
686 1981 833 2028 neque
851 1967 899 2013 in
931 1970 1029 2025 ejus
1064 1984 1174 2032 agro
1203 1983 1352 2018 natam
1380 1971 1856 2036 ess'e‘Magdalenam3
1884 1977 2203 2038 Cognomento
2243 1971 2512 2021 Cerviniarn

563 2028 681 2082 effe,
706 2043 796 2075 non
825 2030 877 2077 de
898 2029 1049 2084 Bolis,
1086 2032 1131 2079 id
1151 2047 1338 2081 matrem
1367 2034 1507 2096 ipsam
1550 2036 1700 2084 fassam
1718 2037 1860 2093 ‚fuisse
1894 2038 1940 2085 in
1969 2039 2179 2103 precibus
2206 2034 2512 2083 Sacratiflimo

563 2092 766 2152 Principi
787 2092 989 2147 oblatis3
1025 2093 1125 2143 Has
1150 2099 1397 2156 qualitates
1417 2114 1506 2146 non
1525 2102 1570 2146 in
1590 2101 1815 2148 extraneis
1846 2117 2005 2148 eorum
2037 2100 2236 2161 puellis,
2265 2097 2338 2146 sed
2369 2110 2510 2144 etiam

563 2156 613 2204 in
633 2154 981 2217 consanguineis
1002 2158 1196 2205 voluisse
1226 2159 1260 2203 Γ
1264 2162 1501 2209 estatorem
1520 2165 1671 2211 evinci
1702 2181 1757 2212 ex
1775 2166 1921 2212 verbis
1941 2199 1953 2216 ,
1987 2165 2164 2226 tpioque
2182 2171 2398 2211 contextu
2419 2161 2507 2208 suae

563 2216 871 2285 dispositionis
894 2237 906 2263 ε
944 2219 1119 2267 Frustra
1137 2221 1438 2270 subsidiariam
1453 2225 1771 2287 cognatarum
1792 2228 2079 2274 vocationem
2101 2226 2154 2273 iri
2178 2261 2192 2279 ,
2229 2240 2332 2289 cuin
2347 2221 2509 2271 deesset

563 2294 753 2347 omnino
781 2281 903 2329 sedes
921 2282 1179 2331 vocationis
1198 2319 1211 2337 ,
1249 2300 1352 2332 nam
1370 2289 1518 2334 verbis
1541 2288 1632 2335 illis
1651 2292 1723 2337 ciel
1737 2292 1817 2348 suo
1830 2297 2083 2352 parentatio
2101 2294 2152 2337 de
2172 2292 2290 2336 Boll.=
2317 2284 2505 2334 voluisse
2569 2331 2571 2333 .

564 2358 668 2391 eum
684 2342 797 2388 iolas
819 2346 1021 2406 Agnatas
1043 2346 1325 2395 manifestum
1359 2349 1448 2399 fuit
1466 2387 1479 2404 ‚
1508 2349 1537 2397 fi
1557 2349 1822 2399 observetur
1845 2351 2131 2400 Testatorem
2164 2364 2260 2397 tran
2271 2349 2534 2407 fversalem1

563 2422 657 2455 non
675 2405 985 2454 ascendentem
1008 2406 1132 2454 fuisse
1150 2446 1161 2461 ‚
1195 2411 1235 2456 &
1259 2411 1460 2471 expresso
1476 2427 1783 2476 cognomento
1809 2418 1860 2463 de
1887 2417 2011 2463 Bolis
2041 2411 2291 2468 adiunxiffe
2310 2410 2510 2472 poffessi·

566 2486 675 2518 vum
697 2467 814 2516 illud
837 2473 917 2527 [το
937 2506 949 2518 .
983 2469 1199 2531 Exemplo
1224 2470 1332 2519 filiae
1351 2474 1419 2531 Jo:
1443 2477 1639 2524 Antonii
1657 2481 1709 2524 de
1730 2477 1849 2524 Bolis
1875 2477 2021 2532 iuvari
2041 2492 2128 2524 non
2147 2473 2261 2536 posse
2279 2488 2526 2535 interpres-z

566 2533 789 2581 tationem
813 2533 1056 2597 Episcopi,
1091 2549 1193 2581 curn
1212 2535 1293 2582 ille
1313 2537 1367 2585 ad
1388 2539 1506 2586 hunc
1523 2538 1729 2587 essectum
1765 2538 1900 2586 Civis
1922 2540 2108 2588 allectus
2139 2538 2276 2585 fuerit
2291 2573 2305 2591 ,
2344 2549 2395 2584 ut
2413 2537 2510 2587 filia

567 2596 616 2642 in
637 2594 959 2645 Monasteriurn
979 2595 1119 2658 posset
1135 2599 1314 2645 admitti
1339 2635 1351 2653 ‚
1384 2615 1533 2663 neque
1551 2600 1780 2650 admissam
1810 2603 1938 2650 fuisse
1953 2639 1966 2657 ,
1999 2604 2106 2666 quia
2123 2599 2230 2648 esset
2248 2598 2513 2661 consangui-

567 2673 683 2706 nea:
724 2660 1046 2722 Paupertatem
1065 2660 1245 2707 demum
1263 2696 1275 2716 ,
1309 2676 1444 2724 quam
1461 2666 1601 2713 etiam
1621 2665 1668 2711 in
1694 2665 2032 2729 consanguineis
2064 2664 2215 2719 voluit
2252 2663 2407 2723 procul
2425 2664 2511 2708 du—

566 2720 648 2769 bio
680 2720 915 2774 Testatur,
942 2737 1033 2771 non
1067 2725 1250 2783 probari
1275 2742 1299 2772 a
1333 2726 1608 2789 Magdalena
1627 2764 1641 2783 ,
1671 2743 1775 2777 cum
1812 2729 1905 2784 eius
1924 2729 2058 2777 Pater
2086 2730 2216 2774 dives
2247 2730 2529 2787 reputant-„⁴

567 2800 672 2831 cum
691 2800 826 2833 curru
845 2796 1003 2833 utatur
1021 2818 1036 2838 ‚
1068 2787 1109 2834 δι
1125 2786 1308 2835 famulis
1325 2823 1341 2843 ,
1369 2805 1472 2837 cum
1491 2790 1692 2854 plurima
1710 2792 1981 2840 Cottiniolae
1999 2795 2114 2840 bona
2130 2789 2383 2856 immobilia
2403 2787 2511 2852 pos·
2566 2846 2569 2849 Α

567 2845 711 2895 fideat
727 2881 741 2900 ,
773 2846 950 2911 aliaque
970 2848 1087 2912 Lugi
1105 2883 1120 2902 ‚
1154 2864 1256 2897 cum
1274 2850 1568 2902 Tabellionis
1586 2889 1601 2909 ,
1634 2856 1676 2902 ὅ(
1693 2854 1922 2905 Caufidici
1941 2855 2088 2906 officia
2106 2889 2120 2906 ‚
2150 2869 2208 2900 ex
2228 2852 2391 2914 quibus
2410 2853 2514 2910 plu-

569 2912 737 2959 fimum
757 2911 961 2960 lucratur
979 2940 1003 2971 ,ν
1023 2926 1237 2960 exerceat
1255 2946 1266 2964 ‚
1301 2930 1389 2962 non
1407 2920 1585 2966 coactus
1605 2919 1863 2966 necestitate
1881 2919 1924 2966 se
1948 2953 1963 2971 ‚
2004 2930 2189 2965 uxorem
2210 2950 2222 2968 ‚
2257 2915 2513 2976 liberosque

571 2974 670 3021 suos
693 2975 842 3021 alendi
869 3011 883 3029 ,
914 2975 984 3027 sed
1006 2987 1056 3023 ut
1087 2976 1294 3024 lucretur
1311 3011 1326 3030 ‚
1358 2995 1461 3028 cum
1482 2996 1626 3032 novus
1657 2981 1797 3029 homo
1811 2980 1863 3028 fit
1883 3016 1896 3035 ‚
1930 2983 2135 3042 &nuper
2168 2979 2294 3025 inter
2314 2976 2512 3038 Lagi-en·

573 3038 637 3145 sces
668 3036 812 3106 Cives
851 3049 1089 3101 cooptatus
1120 3038 1289 3088 fuerit:
1321 3039 1434 3092 Haec
1465 3056 1599 3106 atque
1629 3043 1720 3093 alia
1738 3044 2004 3092 Sodalitium
2024 3075 2038 3090 .
2074 3043 2188 3090 Duo
2217 3042 2317 3089 sunt
2348 3039 2512 3092 Causae

619 3110 738 3158 apita
758 3135 768 3147 .

512 3160 550 3206 1.
585 3170 666 3209 ..An
685 3161 847 3218 constet
881 3166 932 3212 de
952 3170 1194 3214 vocatione
1226 3171 1505 3230 Magdalenee
1539 3171 1724 3220 cervini
1742 3171 1800 3215 ad
1821 3173 1949 3232 pium
1978 3170 2180 3230 legatum
2212 3171 2465 3216 ordinatum
2485 3182 2512 3212 a

764 3228 983 3287 quondam
1007 3231 1202 3292 Gaspare
1220 3233 1271 3278 de
1297 3233 1422 3280 Bolis
1439 3263 1454 3284 ,
1471 3232 1664 3289 itautfit
1681 3232 1963 3281 admittenda
1982 3234 2040 3276 aa'
2063 3234 2318 3290 concursum
2327 3241 2413 3292 pro
2434 3236 2515 3277 Lo-

760 3305 810 3334 co
826 3304 990 3357 vfzccrn.
1014 3294 1061 3338 in
1091 3291 1364 3346 Monasterio
1383 3301 1428 3340 S.
1450 3296 1587 3343 Clam
1608 3300 1750 3342 Terrae
1773 3291 2057 3344 Cottiniolae3
2088 3295 2130 3340 δι
2152 3304 2376 3356 quatenus
2394 3290 2517 3338 affir-

758 3362 934 3397 mative
953 3384 969 3401 .

510 3409 574 3458 11.
606 3417 684 3461 An
707 3417 859 3462 eadem
888 3416 1162 3477 Magdalena
1176 3415 1238 3473 fit
1271 3419 1450 3466 caeteris
1473 3419 1658 3470 Puellis
1692 3417 2066 3470 concurrentibus
2090 3421 2406 3488 praejerenda3
2431 3418 2513 3475 seu

748 3479 907 3539 potius
927 3482 1049 3527 inter
1059 3489 1205 3541 pares
1213 3478 1275 3536 sit
1291 3480 1418 3528 locus
1436 3480 1636 3531 arbitrio
1649 3484 1817 3542 favore
1852 3486 2101 3535 societatis
2135 3480 2395 3541 sanftiffimi
2425 3488 2514 3526 Sa-

757 3545 979 3589 cramcnti
997 3540 1189 3603 ejusdem
1209 3545 1317 3591 Loci
1334 3548 1382 3593 in
1399 3545 1502 3604 casu
1523 3549 1626 3594 &c-

632 3658 707 3707 Ad
729 3659 765 3710 1.
788 3660 1030 3726 Negative
1051 3699 1065 3720 ,
1102 3667 1147 3716 8<
1165 3669 1361 3732 amplius
1386 3705 1397 3720 .
1441 3669 1522 3719 Ad
1541 3669 1602 3721 11.
1625 3631 1862 3723 Provisum
1881 3669 1929 3720 in
1947 3669 2095 3734 primo
2110 3706 2123 3719 .

2285 3790 2456 3840 HOR-
2512 3783 2522 3792 ⁶
