2571 3961
1953 181 1970 214 Β
1985 184 2006 223 S

48 269 80 296 „
114 242 244 289 bario
275 240 619 304 requisiturum,
654 236 875 285 conceffio
913 234 1127 289 habitus,
1159 234 1204 282 ὃ(
1242 233 1429 281 traditio
1458 230 1705 279 literarum
1747 229 2007 279 patentium

52 331 84 356 ,-,
117 303 287 350 eisdem
308 304 520 352 Eremitis
551 307 601 351 ad
622 300 826 348 effectum
846 300 1117 362 quaestuandi
1134 295 1295 358 spe&et
1316 298 1370 343 ad
1405 295 1579 343 dictum
1606 294 1772 341 Rriium
1811 293 2010 354 Episco-

49 398 84 425 „
117 382 228 428 pum
249 399 263 418 ‚
291 366 364 414 seii
390 369 538 425 potius
559 367 610 412 ad
643 363 922 423 Capitulum
945 360 1145 409 Ecclesiae
1174 359 1460 408 Cathedralis
1495 361 1539 405 in
1562 355 1663 405 casu
1698 358 1784 403 διε.
1825 355 1905 401 iil.
1932 357 2010 402 Ari

51 457 88 480 ..
118 428 292 476 Eiectio
311 463 325 481 ‚
364 431 404 477 δι
427 429 677 475 nominatio
698 427 997 474 Eremitarum
1024 426 1148 471 diuae
1178 422 1383 471 Ecclesiae
1416 420 1618 470 facienda
1637 418 1691 466 sit
1721 434 1746 464 a
1785 419 2009 479 Cap·tulo

54 519 86 541 ‚a
121 491 330 539 Ecclesiae
350 491 640 539 Cathedralis
658 504 810 538 coram
835 487 1119 539 Ordinari03
1155 486 1229 533 seu
1257 486 1411 548 potius
1460 485 1651 533 illorum
1688 482 1850 528 eiectio
1870 482 2011 528 libere

61 584 98 606 ,ι
135 552 295 613 spectet
312 559 364 602 ad
385 555 553 602 Riiiuin
569 553 831 612 Episcopum
851 551 900 597 in
913 550 1016 598 casu
1035 552 1125 598 &c.
1142 573 1167 583 -
1189 552 1428 613 Respondit
1443 551 1516 596 his
1540 557 1722 594 Sacrum
1754 544 1969 592 Tribunal
1989 564 2014 578 ·

67 647 102 668 ,‚
137 619 211 662 Ad
232 619 268 662 i.
287 615 485 677 speciare
503 618 555 663 ad
578 616 848 677 Episcopum
865 630 879 657 ε
917 613 992 659 Ad
1029 612 1088 660 11.
1113 609 1410 660 Affirmative
1435 612 1488 657 ad
1506 610 1693 673 primam
1727 619 1903 672 partem
1922 642 1936 660 ,
1967 608 2011 654 &

66 706 104 731 ,ι
134 681 349 740 negative
367 683 417 727 ad
443 679 712 728 secundam:
748 674 826 723 Ad
844 673 924 721 iil.
946 674 1115 722 lterum
1133 686 1423 738 proponatur
1448 708 1478 726 „
1505 705 1520 720 .
1555 670 1751 719 Postulat
1783 685 1896 717 nunc
1915 670 2012 717 Ca-

61 741 264 803 pitulum
284 744 512 790 retractari
531 740 843 790 definitionem
857 736 1074 786 dictorum
1086 737 1290 803 primum
1307 736 1526 802 Capitum
1542 753 1558 788 ;
1578 734 1789 781 Tertium
1803 733 1984 781 definiti
2000 749 2011 779 :

68 801 422 864 respondendum
444 805 587 870 igitur
603 804 667 850 est
688 837 702 850 .

9 863 46 912 1.
81 866 233 924 Anfit
244 867 448 922 standum
473 904 486 922 ‚
508 870 587 916 vel
606 868 897 915 recedendum
915 882 942 911 a
962 864 1128 924 Deczjlt's
1144 867 1296 928 quoad
1313 871 1347 912 t.
1366 872 1426 918 ὠ·
1452 871 1507 912 ΙΙ.
1525 861 1708 912 dubium
1727 865 1774 910 in
1791 863 1892 922 casu
1913 866 2014 912 &a

10 925 77 981 ll·
109 936 190 985 Aa
211 931 385 979 Eleffio
405 966 419 984 ‚
453 940 508 982 (y
528 933 777 979 nomanatio
796 934 1108 978 Eremitarum
1129 931 1255 976 diblae
1277 929 1472 987 Ecclefiae
1485 923 1764 986 factendasit
1780 941 1807 969 a
1832 928 2021 988 capitu·

261 994 306 1040 lo
331 994 523 1050 Ecclefiae
545 994 830 1040 cathedralis
852 1009 1001 1039 coram
1024 993 1268 1040 ordinario
1291 1024 1306 1043 ,
1329 993 1412 1051 seu
1440 997 1603 1055 potius
1632 989 1817 1036 illorum
1851 989 2014 1038 είεὲἶίο

257 1054 405 1106 libere
415 1059 590 1121 specht
608 1059 665 1102 ad
691 1055 1112 1118 Reverendiffimum
1133 1053 1392 1119 Episcopum
1411 1058 1458 1104 in
1485 1055 1585 1114 casu
1602 1058 1706 1104 &c-

132 1180 211 1228 Ad
232 1180 251 1227 I
287 1180 461 1253 P‘aeYfP
479 1180 647 1230 recessu
669 1199 691 1252 a
723 1181 880 1251 decisis
917 1180 1107 1244 speQare
1129 1180 1184 1226 ad
1200 1178 1507 1249 Capitulum)
1539 1179 1669 1229 salvo
1702 1176 1797 1233 iure
1817 1171 2020 1247 Episcopi

69 1244 256 1307 petendi
283 1246 579 1316 redditionem
597 1258 786 1292 rationis
819 1261 843 1291 a
861 1245 1081 1315 Capitulo
1101 1278 1112 1289 .
1143 1242 1296 1292 Adii.
1318 1243 1365 1289 ln
1394 1242 1549 1313 decisis
1568 1279 1581 1297 ‚
1613 1243 1656 1289 δι
1691 1239 1884 1302 amphus
1907 1274 1918 1286 .
1949 1234 2023 1284 Ad

72 1305 162 1358 ΠΙ.
191 1307 470 1356 Elechonem
490 1309 747 1357 faciendam
764 1307 850 1355 esse
869 1326 896 1357 a
916 1307 1141 1372 Capitulo
1160 1341 1176 1360 ,
1206 1308 1586 1369 approbationem
1601 1305 1661 1354 ab
1679 1304 1901 1367 Episcopo
1915 1335 1929 1350 .

9 1435 112 1553 Β
137 1431 330 1482 AREN.
354 1433 760 1481 NULLITATlS
794 1430 1226 1483 MATRIMONII
1245 1450 1260 1475 ε
1285 1433 1465 1495 Captus
1500 1431 1724 1479 illecebris
1759 1425 2028 1476 AnnaeBru·
2101 1413 2211 1470 Sess.
2241 1424 2314 1471 24·
2333 1424 2434 1471 ⁶³9·

150 1514 214 1544 nae
232 1496 550 1545 Chiaramonti
572 1512 722 1560 nupta:
744 1497 942 1545 Modesto
959 1496 1186 1544 Sacchetti
1216 1495 1379 1543 lncolae
1401 1495 1558 1543 Terrae
1577 1494 1773 1540 Canneti
1793 1491 1951 1550 joseph
1973 1489 2026 1533 de
2069 1479 2119 1526 de
2140 1477 2232 1538 Res·
2258 1482 2407 1521 Matr.

77 1560 205 1611 >taso
241 1559 378 1607 Civis
410 1561 569 1608 vicinae
592 1561 751 1610 Terrae
791 1563 987 1608 Moti-oni
1010 1575 1108 1605 eam
1139 1558 1490 1620 frequentissime
1526 1559 1704 1608 adibat,
1734 1552 2027 1616 promisitque

76 1623 124 1672 se
139 1638 240 1670 eam
278 1623 477 1671 Uxorem
497 1625 738 1671 duCturum
758 1661 770 1678 ,
800 1638 902 1670 curn
939 1622 1168 1671 Modestus
1188 1658 1201 1676 ,
1234 1621 1311 1684 qui
1338 1635 1556 1682 perpetuo
1586 1620 1835 1682 aegrotabat
1861 1653 1872 1671 ,
1904 1627 2030 1662 mor-

74 1699 168 1734 tem
187 1685 336 1732 obiret
351 1715 361 1725 -
404 1687 604 1733 Decessit
626 1687 857 1735 Modestus
879 1703 1002 1734 anno
1027 1698 1153 1747 1734.
1179 1718 1193 1737 ,
1224 1686 1265 1731 δι
1283 1696 1442 1733 cautus
1458 1683 1620 1748 Joseph
1644 1696 1886 1744 numquam
1904 1677 2032 1726 Can-

77 1761 233 1798 netum
256 1748 421 1809 petiit,
455 1765 696 1811 numquam
732 1753 914 1798 Annam
947 1749 1134 1800 revifit;
1167 1747 1251 1794 Sed
1270 1763 1426 1810 parum
1459 1751 1500 1793 ei
1530 1757 1601 1794 iua
1641 1748 1797 1792 cautio
1831 1744 2034 1802 proluit,

19 1818 22 1823 '
79 1811 312 1860 fraudibus
341 1828 460 1858 enxm
495 1817 643 1860 Annae
663 1829 762 1860 cum
779 1813 1037 1860 Cannetum
1072 1809 1259 1858 veniss'et
1281 1845 1293 1862 ,
1327 1809 1372 1856 in
1390 1824 1594 1858 carceres
1630 1809 1860 1862 conjectus
1893 1804 1978 1851 suit
2008 1816 2034 1847 a

79 1874 225 1943 Curia
243 1873 450 1922 Baronali
473 1876 516 1922 in
532 1892 616 1937 qua
639 1878 773 1924 Anna
791 1877 1024 1938 querelam
1041 1875 1162 1922 illati
1182 1872 1316 1934 stupri
1337 1873 1652 1933 proposuerat.
1671 1871 1773 1918 Car
1792 1883 1890 1916 eres
1903 1877 2036 1915 erant

80 1936 227 1986 fandi
249 1973 262 1990 ,
294 1938 334 1984 δι
355 1937 610 1993 teterrimi,
630 1951 903 2003 perpetuum
930 1942 973 1984 in
991 1939 1089 1995 eius
1110 1952 1240 1984 aures
1275 1951 1457 1983 carmen
1494 1934 1764 1982 insonabant
1789 1931 1921 1979 Servi
1942 1966 1952 1981 ,
1989 1929 2033 1975 &

78 1999 310 2048 satellites
328 1999 518 2050 Baronis
542 2040 550 2054 ,
568 2017 650 2051 aut
671 2002 918 2049 ducendam
939 2000 1025 2049 effe
1043 2003 1224 2048 Annam
1245 1998 1448 2046 Uxorem
1468 2034 1481 2051 ‚
1507 2011 1582 2045 aut
1604 2000 1649 2045 in
1669 1997 1923 2045 carceribus
1939 2006 2035 2038 mo·

85 2063 329 2112 tiendum.
362 2065 724 2112 Constantissime
742 2077 895 2112 tamen
918 2065 1080 2126 loseph
1100 2062 1396 2125 respondebat
1413 2062 1528 2109 mori
1550 2062 1709 2123 potius
1724 2059 1847 2107 velle
1867 2095 1876 2109 ,
1897 2067 2036 2118 quam

87 2128 272 2175 Annam
290 2128 453 2174 ducere
474 2163 486 2175 .
509 2130 788 2187 squallorem
803 2160 816 2179 ‚
846 2126 1099 2176 faeditatem
1116 2161 1130 2180 ‚
1160 2128 1202 2173 δι
1222 2126 1433 2172 duritiem
1451 2139 1687 2172 carcerum
1706 2159 1716 2174 ,
1742 2119 2035 2183 compedum-

87 2204 178 2256 que
199 2188 405 2236 sustinuit
420 2191 588 2252 Joseph
608 2192 711 2254 plus
738 2206 870 2251 quam
888 2191 1191 2252 quadraginta
1209 2187 1372 2234 diebus
1388 2219 1402 2239 ‚
1434 2187 1505 2234 sed
1518 2201 1621 2234 cum
1646 2186 1846 2233 nosceret
1867 2176 2037 2242 impos·

86 2252 211 2299 sibile
229 2252 312 2299 effe
329 2255 498 2302 diutius
520 2270 563 2300 in
583 2271 639 2301 eo
658 2252 769 2300 statu
788 2254 963 2306 vivere,
985 2251 1139 2299 statuit
1154 2250 1343 2297 Curiam
1361 2287 1374 2306 ,
1391 2251 1434 2297 ἂ
1457 2254 1636 2300 Annam
1655 2249 1875 2310 decipere
1895 2244 2035 2291 simu-

85 2316 221 2363 lando
240 2315 502 2363 consensum
523 2333 566 2363 in
603 2333 677 2364 nui
698 2330 812 2364 tias.
855 2315 949 2362 Ubi
967 2315 1014 2362 id
1043 2313 1226 2361 rescivit
1246 2313 1390 2368 Baro,
1421 2314 1595 2360 educie
1623 2312 1881 2360 carceribus
1915 2306 2039 2364 Jose·

86 2377 229 2489 {hum
250 2378 366 2435 iuilit
385 2412 400 2426 .
434 2379 625 2428 EduCtus
646 2380 732 2426 fuit
766 2380 943 2426 vinctus
965 2378 1169 2425 manibus
1190 2411 1202 2428 ,
1233 2376 1480 2436 &stipatus
1515 2374 1773 2422 Lictoribus
1790 2375 1837 2420 in
1867 2373 2040 2419 Aulam

108 2442 259 2488 ³alatii
286 2440 472 2490 baronis
493 2479 506 2496 ‚
534 2459 666 2504 quam
687 2442 845 2490 subtus
865 2456 1070 2490 carceres
1102 2451 1258 2486 erant.
1294 2438 1621 2486 circumdatus
1642 2435 1801 2485 iisdem
1836 2433 2039 2481 Lictori-

88 2505 171 2550 bus
192 2538 203 2555 ,
236 2503 405 2551 solutus
426 2505 511 2552 fuit
532 2506 731 2553 vinculis
751 2518 858 2552 tunc
879 2542 893 2560 ,
917 2519 1020 2551 cum
1041 2503 1237 2550 advenit
1258 2502 1480 2549 Parochus
1499 2535 1514 2553 ‚
1548 2504 1745 2562 quicum
1780 2515 1881 2547 cum
1904 2501 2040 2543 Anna

88 2567 385 2614 matrimonio
401 2568 550 2624 junxit
567 2600 582 2615 .
618 2570 707 2615 Vix
727 2570 959 2616 contraisti)
981 2565 1283 2614 matrimonio
1301 2599 1315 2617 ‚
1348 2564 1466 2626 fugit
1481 2564 1642 2623 joseph
1662 2597 1680 2616 ,
1706 2564 1746 2609 δι
1771 2563 2042 2609 Motronum

92 2630 280 2690 repetiit
297 2665 308 2681 ‚
345 2631 445 2676 inde
463 2631 508 2676 in
535 2631 774 2678 Ditionem
793 2629 1146 2678 Ecclesiasticam
1168 2627 1256 2676 sese
1277 2629 1487 2693 recepit3
1520 2626 1724 2689 laresque
1755 2627 1853 2673 suos
1869 2622 1976 2670 fixit
1996 2621 2051 2666 in-

95 2691 130 2738 Ί
150 2708 250 2741 erra
278 2693 319 2738 S.
349 2691 584 2740 Laurentii
608 2693 874 2743 Dioeceseos
908 2694 1159 2743 serracinae
1178 2726 1192 2744 ‚
1225 2691 1301 2737 ubi
1325 2692 1532 2738 conscius
1547 2690 1776 2737 nullitatis
1799 2687 2044 2735 matrimo-

97 2755 164 2803 nii
185 2772 287 2804 cum
310 2758 444 2802 Anna
463 2759 682 2804 conti-affl
716 2757 841 2805 aliud
867 2756 974 2803 iniit
1011 2754 1349 2801 matrimonium
1379 2769 1495 2800 anno
1522 2750 2044 2808 1747.cumCatliarina

99 2817 344 2888 Giannetti
362 2852 374 2871 ,
414 2834 438 2864 e
456 2835 540 2879 qua
561 2819 669 2867 duos
702 2820 875 2868 sustulit
905 2818 1029 2866 filios
1052 2853 1066 2869 ,
1097 2832 1141 2864 re
1160 2830 1311 2864 tamen
1329 2831 1565 2877 comperta
1588 2851 1600 2868 ‚
1629 2815 1819 2875 separati
1853 2813 2046 2860 fuerunt

100 2881 398 2944 hiConjuges
416 2898 538 2930 anno
563 2898 696 2941 1750.
715 2918 730 2938 ,
769 2883 911 2931 donec
940 2880 1129 2929 nullitas
1159 2880 1322 2942 prioris
1343 2880 1664 2928 matrimoniia
1690 2878 1779 2926 suis
1810 2875 2048 2933 lodicibus

98 2943 412 2993 declararetur
432 2979 443 2991 .

39 3006 239 3058 Curavit
259 3007 393 3070 igitur
411 3007 565 3070 Joseph
584 3046 598 3064 ,
631 3022 681 3058 ut
705 3009 784 3058 suo
801 3008 986 3058 nomine
1004 3007 1049 3055 in
1075 3008 1219 3056 Curia
1256 3007 1649 3070 Archiepiscopali
1671 3003 1840 3052 ssirenfi
1864 3016 2046 3069 propo-

101 3082 287 3119 neretur
305 3073 489 3132 querela
523 3073 754 3120 nullitatis
776 3071 1049 3119 matrimonii
1068 3071 1118 3118 vi
1152 3083 1366 3132 metuque
1384 3087 1487 3119 cum
1513 3074 1646 3118 Anna
1667 3070 1812 3116 Bruna
1833 3062 2050 3114 contracti

102 3133 295 3202 iri-Aula
314 3134 477 3182 Palatii
501 3136 784 3184 Mai-chionis
801 3136 1001 3184 Canneti
1024 3171 1034 3182 .
1065 3134 1219 3180 Sexies
1251 3132 1461 3195 praefixus
1485 3133 1568 3181 fuit
1588 3136 1640 3179 ab
1668 3132 1749 3179 illa
1785 3131 1931 3179 Curia
1949 3142 2050 3175 ter·

104 3210 252 3265 minus
277 3197 420 3244 Annae
441 3202 493 3244 ad
519 3197 612 3253 iura
634 3199 709 3247 sua
728 3202 1013 3264 proponenda
1029 3232 1045 3250 ,
1077 3196 1152 3244 sed
1179 3211 1418 3258 numquam
1440 3198 1596 3245 venire
1611 3195 1758 3243 voluit
1781 3197 1825 3242 in
1850 3194 1915 3247 ius
1933 3226 1947 3244 ,
1982 3201 2053 3236 at-

102 3273 196 3326 que⁴
210 3258 326 3305 hisce
348 3261 646 3308 terminorum
667 3263 1011 3322 repetitionibus
1028 3263 1120 3308 duo
1135 3261 1242 3307 anni
1257 3259 1483 3323 absumpti
1502 3260 1686 3308 suerunt
1704 3295 1714 3305 .
1755 3257 1960 3303 Tandem
1980 3252 2051 3301 su·

102 3335 278 3390 periore
297 3338 415 3390 anno
453 3335 584 3385 1753.
601 3325 837 3373 instruc'tus
856 3361 870 3380 ,
899 3327 942 3374 &
961 3326 1206 3386 completus
1229 3321 1315 3369 suit
1336 3321 1561 3371 Proceffus
1580 3320 1808 3378 judicialis
1831 3352 1844 3371 ‚
1875 3317 2053 3365 exami-

104 3396 228 3433 natis
251 3384 463 3434 Testibus
483 3389 612 3443 iuxta
646 3389 880 3436 Articulos
910 3392 1036 3435 datos
1063 3403 1088 3434 a
1120 3386 1315 3447 josepho
1332 3419 1348 3438 ‚
1364 3402 1390 3433 e
1409 3387 1571 3445 quibus
1589 3382 1809 3432 hausimus
1826 3396 1879 3428 ea
1900 3412 1911 3422 -
1952 3395 2051 3441 quae

100 3446 238 3505 ,supra
254 3449 535 3497 narravimus
553 3484 564 3496 .
583 3452 723 3499 Anna
741 3466 892 3499 coram
911 3449 1109 3498 Vicario
1138 3451 1342 3496 Foraneo
1362 3483 1375 3499 ,
1407 3447 1726 3495 Sacerdotibus
1747 3480 1760 3498 ‚
1779 3447 1820 3492 ὅ(
1843 3442 2052 3490 Notario

103 3509 351 3558 solemnem
365 3509 514 3559 'emisit
532 3514 891 3563 declarationem
921 3550 934 3568 ,
963 3529 1052 3574 qua
1083 3513 1314 3560 fatebatur
1345 3510 1696 3556 Matrimonium
1721 3523 1828 3556 cum
1856 3504 2052 3565 josepho

106 3577 396 3639 contractum
417 3577 598 3624 nullum
617 3576 748 3624 fuisse
760 3580 804 3625 vi
824 3589 1035 3637 metuque
1052 3576 1093 3622 ei
1112 3593 1136 3622 a
1154 3573 1295 3622 Curia
1317 3572 1523 3619 ssaronali
1538 3571 1732 3618 Canneti
1758 3570 1898 3618 illatis
1914 3586 1927 3613 ε
1963 3571 2053 3614 Ar-

105 3633 417 3696 chiepiscopus
436 3649 587 3685 tamen
605 3641 904 3700 pronunciare
925 3639 1076 3687 noluit
1095 3673 1109 3692 ,
1143 3639 1185 3685 &
1204 3633 1360 3683 Causae
1378 3634 1696 3698 cognitionem
1710 3633 1878 3682 detulit
1894 3632 1946 3676 ad
1966 3631 2052 3678 hoc

104 3700 294 3764 Sacrum
315 3698 546 3749 Tribunal
563 3738 574 3751 .
606 3703 788 3752 Oulatis
807 3706 960 3765 itaque
980 3718 1006 3749 a
1025 3699 1213 3763 josepho
1230 3699 1435 3762 precibus
1453 3733 1467 3753 .
1502 3700 1606 3747 data
1622 3695 1712 3747 suit
1728 3732 1742 3754 ,
1773 3707 1823 3746 ut
1857 3691 1959 3804 fiiri
1978 3693 2056 3739 ¹0·

1917 3766 1960 3803 et
1978 3786 1994 3807 ι
