2571 3961
104 155 286 201 tionem
304 185 319 205 ,
353 147 429 197 seu
450 146 851 211 reintegrationem
870 143 917 190 in
944 139 1201 208 poffeflione
1220 177 1234 197 ,
1263 141 1339 190 seu
1355 141 1477 205 quali
1503 143 1840 194 administrandi
1859 100 2058 197 Monteni

108 218 322 264 Pietatis
341 247 357 266 2
379 217 438 262 &⁴
456 213 692 276 Hospitale
713 245 726 263 ,
754 223 890 272 quam
910 240 924 259 ‚
941 206 1076 254 nullo
1097 205 1338 254 obsistente
1356 241 1370 259 ,
1408 207 1544 255 facile
1563 209 1766 255 obtinuit
1788 245 1801 263 ‚
1831 210 2060 259 reservata

108 287 264 324 tamen
281 274 608 337 approbatione
647 269 851 335 Episcopi
871 268 916 316 in
952 269 1170 317 electione
1203 269 1488 317 Officialium
1511 307 1524 324 ,
1556 270 1850 333 &reservato
1887 276 2061 336 pariter

108 340 239 387 omni
261 338 354 386 alio
374 336 631 400 Episcopali
654 336 758 390 Jure
790 335 920 392 iuxta
935 330 1275 396 dispositionem
1292 334 1531 382 Sacrorum
1564 333 1808 383 Canonum
1826 372 1840 392 ‚
1873 337 1916 382 &
1947 352 2065 398 prae-

109 399 265 450 sertim
284 399 563 448 Tridentini
585 433 597 444 .
626 398 747 446 Cum
765 409 915 444 autem
931 430 944 448 ,
974 398 1052 457 qui
1072 409 1193 443 nunc
1211 394 1415 446 Eccleliae
1437 396 1614 446 Montis
1629 399 1733 445 Alti
1750 398 1901 458 praeest
1915 433 1931 452 ,
1964 400 2064 462 Epi·

109 463 272 523 scopus
293 464 341 510 in
361 461 641 510 Visitatione
658 460 817 507 Terrae
853 458 1028 505 Montis
1057 459 1211 521 Elpari
1241 463 1510 522 cognoverit
1539 460 1629 508 tria
1650 460 1731 508 illa
1768 460 1893 509 Loca
1910 462 1991 508 Pia
2009 480 2065 511 ex

108 526 229 574 mala
251 525 611 574 Communitatis
631 520 1022 571 administratione
1044 521 1207 570 iterum
1225 523 1426 584 collapsa
1442 521 1528 571 esse
1553 560 1566 578 ‚
1601 523 1739 571 satius
1760 525 1892 573 duxit
1913 540 2066 587 preces

107 585 274 636 offerre
300 588 655 637 Eminentiffimo
674 585 878 633 Domino
893 586 979 632 Pro
1003 585 1223 633 Auditori
1244 585 1510 634 Sanctiffimi
1527 624 1540 642 ‚
1573 587 1652 649 qui
1673 621 1687 640 ‚
1722 587 2067 651 circumscripta

108 651 329 700 sententia
351 652 430 699 illa
449 649 772 700 contumaciali
799 646 860 696 R.
878 648 928 696 P.
947 645 1012 695 D.
1029 649 1148 695 Secr.
1179 648 1290 696 Boni
1315 649 1492 712 Regim.
1514 685 1527 704 ,
1561 650 1722 698 Causae
1753 651 1881 698 illius
1914 652 2067 699 notio·

108 726 213 762 nem
229 730 284 772 ex
304 714 476 776 integro
496 714 623 761 dedit
657 712 700 759 S.
722 711 828 760 huic
865 711 1151 759 Tribunali.
1180 713 1355 761 Omnes
1388 711 1529 775 igitur
1563 713 1898 762 controversiae
1918 752 1932 769 ,
1967 731 2066 778 qua:

109 777 230 826 inter
252 776 514 840 Episcopum
536 814 547 832 ,
580 778 622 825 δι
643 774 1037 824 communitatem
1054 775 1136 823 hac
1149 775 1391 824 'occasione
1409 790 1607 839 aguntur
1625 812 1639 830 ‚
1674 775 1761 824 IX.
1780 776 1953 826 Dubiis
1968 780 2067 825 col·

114 840 236 889 1ectae
258 840 438 888 fuerunt
455 876 469 890 .
509 843 555 889 A
576 837 926 888 Communitate
944 837 1062 885 nihil
1080 837 1314 888 habuimus
1330 871 1345 888 0
1381 839 1539 888 Dubia
1559 855 1669 887 vero
1690 840 1788 888 haec
1805 837 1906 885 sunt
1927 878 1939 890 ‚

54 910 96 960 1.
134 907 220 959 An
244 905 370 959 Loca
386 911 474 970 pia
510 906 706 957 Montis
724 904 899 967 Elpart'
921 940 933 960 ‚
974 904 1457 970 Hospitalescilicet
1480 940 1497 962 ‚
1537 906 1679 954 Mons
1705 905 1930 954 Pietatis
1954 940 1969 962 ‚
2014 904 2067 960 θ’

324 975 471 1025 Mons
497 970 1063 1034 Frumentariussuhstnt
1074 975 1418 1037 jurisdittioni
1437 1010 1451 1031 ‚
1475 974 1785 1038 visitationi,
1816 975 2069 1024 correfiio·

324 1052 376 1092 ni
394 1084 408 1107 ‚
444 1045 496 1102 ἐς
520 1045 854 1110 reformationi
876 1041 1106 1111 Episcopi
1129 1044 1325 1095 Montis
1340 1044 1463 1093 Alti
1481 1046 1502 1095 ἓ

43 1114 108 1165 ll.
148 1110 234 1162 An
259 1109 635 1179 administratio
657 1113 952 1164 AEconomica
980 1115 1227 1164 eorundem
1247 1114 1466 1163 Locorum
1491 1115 1688 1165 Piorum
1713 1116 1975 1164 exercenda
1994 1111 2066 1174 sit

322 1181 474 1234 libere
495 1206 524 1234 a
547 1182 901 1232 Communitate
922 1184 1110 1232 Laicali
1128 1217 1145 1240 ‚
1186 1183 1269 1232 vel
1278 1186 1444 1249 potius
1461 1185 1785 1249 dependenter
1799 1200 1826 1231 a
1847 1183 2069 1236 direiiio,

323 1264 382 1298 ne
402 1288 417 1310 ,
461 1255 512 1310 (75·
534 1254 824 1307 (ιαῖἶονὶῐαῑθ
847 1252 1068 1318 Eptscopi
1082 1254 1104 1302 ἕ

42 1322 139 1372 111.
177 1320 263 1371 An
285 1323 436 1370 eidem
458 1323 677 1387 Episcopo
704 1318 809 1384 Jus
833 1333 1068 1385 competat
1090 1334 1192 1370 tam
1198 1322 1428 1386 faciendi
1444 1323 1796 1373 Ordinationes
1830 1332 1920 1384 pro
1940 1321 2066 1371 reffa
2101 1382 2106 1383 ⁷

316 1394 646 1456 praediflorum
665 1392 881 1439 Locorum
899 1391 1326 1453 administratione
1344 1428 1360 1450 ‚
1395 1403 1531 1457 quam
1546 1390 1850 1455 approbandi
1869 1389 2066 1453 Officia-

317 1459 386 1509 les
407 1497 423 1520 ‚
467 1460 921 1524 Administratorer
941 1494 957 1518 ,
997 1458 1050 1514 ἐς
1072 1459 1336 1524 Revisbres
1379 1472 1689 1526 computorum
1709 1477 1737 1509 a
1785 1458 2064 1511 Communi-

317 1540 426 1579 tate
447 1530 649 1581 elefiios?

36 1599 134 1650 IV.
174 1597 259 1648 An
279 1601 343 1648 ad
364 1602 627 1664 praefhtum
667 1598 948 1664 Eptfiopum
976 1601 1235 1663 pertineat
1255 1601 1515 1665 approbare
1552 1597 1866 1659 resolutiones
1899 1597 1985 1647 vel
2002 1599 2062 1647 ab

313 1671 476 1730 eadem
502 1668 861 1718 Communitate
879 1702 894 1724 ‚
929 1667 1013 1717 vel
1027 1670 1176 1734 asnis
1198 1669 1506 1734 officialibus
1546 1679 1714 1731 captas
1736 1702 1747 1720 ‚
1790 1678 1893 1718 tam
1933 1669 2061 1716 circa

317 1736 588 1787 contraflus
605 1741 791 1789 nomine
812 1739 1008 1788 locorum
1034 1747 1219 1801 piorum
1254 1738 1480 1787 ineundas
1500 1774 1515 1796 ‚
1553 1752 1694 1803 quam
1733 1741 1863 1787 circa
1892 1741 2062 1800 'eroga-

306 1807 492 1870 tionem
505 1820 824 1872 proventuum
849 1810 900 1854 in
924 1807 1234 1871 eleemosynas
1256 1809 1308 1865 <75
1325 1808 1433 1870 ustts
1455 1807 1572 1870 „Pios
1593 1841 1608 1862 ‚
1649 1820 1702 1853 ac
1724 1804 1917 1854 tandem
1944 1820 2061 1868 quo-

169 1917 173 1921 .
322 1877 387 1925 ad
405 1878 800 1940 distributionem
820 1877 1066 1939 frumenti
1089 1877 1319 1940 Persbnis
1337 1875 1721 1939 indigentibus?

42 1940 112 1995 V.
151 1944 240 1994 An
258 1944 516 2011 Eptfiopus
530 1948 665 2012 poffit
685 1960 922 1996 removere
951 1941 1398 2011 Adminssratores
1416 1948 1642 1996 dictorum
1679 1943 1906 1993 Locorum
1948 1942 2063 1991 Pio·

311 2029 424 2063 vrum
462 2016 625 2067 elcfiios
648 2036 677 2067 a
720 2016 1081 2066 Communitate
1101 2012 1201 2064 ‘non
1219 2017 1406 2064 idoneos
1427 2043 1446 2073 ‚-
1481 2015 1563 2066 vel
1583 2013 1705 2061 male
1718 2026 1947 2074 gerentes
1965 2014 2062 2060 ad-

328 2085 747 2147 ministrationem
765 2122 780 2144 ,
815 2098 964 2148 atque
980 2084 1102 2136 alios
1112 2096 1204 2150 per
1226 2085 1381 2150 ipsum
1399 2083 1643 2149 eligendos
1667 2094 1819 2128 eoram
1838 2081 1932 2130 loco
1947 2076 2063 2144 sub·

312 2154 531 2215 stituere
551 2155 573 2210 ἒ
1749 2159 1753 2164 '

42 2219 134 2272 Vi.
175 2221 266 2274 An
291 2221 545 2287 Episcopus
560 2223 695 2290 poffit
717 2226 912 2288 exigere
931 2221 1252 2273 redditionem
1275 2226 1489 2274 rationis
1506 2243 1533 2274 a
1557 2219 1702 2270 distis
1722 2214 2061 2281 administrae

318 2292 500 2341 toribus
520 2295 905 2359 independenter
924 2312 952 2343 a
973 2294 1381 2360 Syndicatoribus
1397 2311 1424 2343 a
1455 2291 1783 2342 Commustate
1818 2289 1979 2337 eleflis
2005 2293 2023 2339 ?

44 2356 166 2411 vii,
205 2363 295 2412 An
321 2361 553 2426 Episcopo
565 2367 830 2426 privativa
848 2375 1083 2427 competat
1107 2365 1323 2412 executio
1332 2362 1598 2424 sententiae
1612 2357 1963 2422 syndicatoriae
1980 2356 2061 2405 ad·

317 2440 483 2496 versus
507 2433 952 2496 Administratores
970 2468 987 2490 ‚
1020 2429 1074 2486 θ’
1090 2427 1334 2495 inquisitio
1351 2446 1511 2483 contra
1532 2427 1791 2481 Debitores
1834 2427 2059 2475 ditiorum

315 2500 516 2550 locorum
536 2502 730 2551 Piorum
750 2505 771 2553 ?

39 2566 184 2621 V111.
226 2569 318 2619 An
348 2568 730 2633 substineantur
772 2568 1018 2622 elefiiones
1061 2568 1510 2636 Officialinmfaftae
1537 2589 1565 2620 a
1599 2563 1964 2614 communitate
2000 2564 2060 2612 ab

318 2653 442 2687 anno
473 2653 616 2703 1751.

42 2703 131 2758 IX.
170 2706 256 2754 An
273 2706 459 2769 constet
482 2711 540 2757 de
559 2713 834 2758 attentatis
858 2745 873 2767 ‚
914 2710 966 2766 ἐς·
981 2710 1192 2773 quomodo
1200 2705 1305 2769 sint
1320 2708 1577 2772 purganda
1599 2709 1652 2755 in
1671 2705 1782 2770 casu
1803 2703 1901 2759 &a

173 2824 338 2872 Dilata
359 2860 372 2878 ‚
408 2827 449 2873 &
470 2839 752 2890 proponatur
773 2829 820 2874 in
838 2829 983 2890 prima
1005 2827 1097 2888 post
1115 2826 1267 2890 Reges
1284 2859 1302 2875 .

188 2938 486 2987 ITERBIEN
528 2978 541 2996 ,
574 2942 688 2992 SEU
725 2941 984 2991 MONTIS
1018 2941 1265 2990 FALISCI
1301 2937 1790 2990 HOSPITALIUM:
1826 2937 1893 2983 Ex
1912 2935 2061 2997 pluri·
2126 2937 2334 2995 Seſs.22.
2357 2956 2395 2987 e.
2418 2946 2461 2989 8.

203 3005 283 3049 bus
313 3038 327 3056 ,
360 3020 455 3065 quae
473 3005 826 3055 Viterbiierant
847 3006 905 3052 ad
939 3004 1177 3064 Corpora,
1213 3008 1255 3052 &
1279 3002 1614 3052 Universitates
1649 3000 1935 3050 diversarum
1962 3002 2061 3046 Ar·-
2092 3002 2151 3046 &
2183 3014 2231 3061 9.
2267 3003 2319 3049 de
2366 3005 2463 3065 Ref-

97 3066 214 3112 tium
238 3065 517 3127 pertinentia
542 3105 556 3122 ‚
586 3085 726 3118 unum
748 3084 832 3132 pro
850 3067 1047 3115 Civibus
1067 3103 1080 3120 ‚
1114 3068 1158 3114 &
1194 3067 1570 3117 DistriCtualibus
1596 3068 1788 3114 erectum
1817 3062 1901 3110 fuit
1927 3062 2060 3130 Hos-
2092 3062 2205 3119 Seli.
2243 3076 2317 3118 25.
2339 3083 2380 3121 c.
2416 3072 2458 3114 8.

96 3129 236 3189 pitale
254 3161 270 3180 ,
303 3129 426 3191 quod
448 3131 490 3176 in
525 3132 824 3181 salubriorem
844 3165 858 3183 ,
891 3133 933 3177 &
952 3129 1306 3178 commodiorem
1331 3131 1487 3178 locum
1509 3131 1613 3178 inde
1641 3127 1909 3176 translatum
1934 3124 2022 3191 fuit
2045 3157 2058 3171 .
2091 3125 2144 3173 de
2166 3128 2262 3188 Refi

94 3191 387 3239 Infirmorum
409 3194 653 3243 multitudo
674 3199 728 3242 ab
745 3193 916 3241 exteris
939 3229 952 3246 ,
983 3195 1024 3240 &
1044 3190 1249 3240 finitimis
1268 3191 1412 3241 Locis
1431 3195 1485 3241 ad
1513 3208 1684 3240 novum
1703 3191 1787 3236 hoc
1812 3186 2056 3256 Hosp-itale

95 3255 486 3302 transmittebatur
510 3291 524 3311 ‚
554 3259 673 3318 quod
694 3274 794 3306 cum
814 3257 968 3303 nimiis
985 3255 1187 3316 impensis
1206 3290 1218 3308 ‚
1254 3271 1353 3316 quae
1383 3259 1441 3303 ob
1462 3271 1685 3318 aegrorum
1709 3252 2056 3321 multitudinem

92 3317 348 3367 necessariae
366 3332 497 3365 erant
518 3355 531 3373 ‚
565 3322 706 3375 impar
731 3319 839 3368 effet
857 3354 869 3372 ‚
903 3320 1186 3366 init-:rdinum
1208 3318 1295 3365 fuit
1329 3335 1447 3367 anno
1468 3326 1603 3374 1632.
1623 3333 1678 3364 ne
1704 3317 1750 3362 in
1789 3329 1843 3360 eo
1873 3324 2053 3366 exteri,

91 3381 135 3428 &
165 3397 221 3428 ex
241 3383 410 3439 vicinis
433 3383 566 3430 Locis
585 3382 756 3430 infirmi
780 3383 971 3444 amplius
1007 3383 1332 3442 reciperentur
1348 3416 1360 3428 .
1399 3382 1509 3427 Vim
1533 3379 1717 3443 quidem
1736 3415 1751 3434 ,
1777 3376 1858 3445 'sed
1891 3376 2054 3439 paucis

92 3444 224 3490 annis
248 3480 258 3495 ,
296 3445 457 3492 habuit
476 3445 562 3494 hoc
582 3446 878 3493 interdietum
894 3481 908 3498 ‚
940 3459 1040 3491 nam
1064 3445 1230 3491 iterum
1257 3481 1270 3498 ,
1306 3445 1347 3491 δι
1369 3443 1615 3503 praesertim
1635 3458 1657 3488 a
1677 3441 1886 3489 civitate
1904 3438 2053 3486 Mon-

91 3508 151 3554 tis
177 3507 339 3554 Falisci
358 3505 528 3555 infirmi
548 3509 601 3556 ad
622 3508 735 3557 illud
758 3506 1004 3556 transmitti
1024 3519 1282 3568 caeperunt.
1301 3506 1494 3554 Necesse
1513 3505 1656 3567 igitur
1675 3503 1762 3553 fuit
1780 3517 1899 3551 anno
1920 3508 2049 3556 1683.

95 3569 389 3617 Interdinum
407 3585 629 3629 renovare
649 3607 662 3625 ,
700 3588 756 3618 ne
781 3571 825 3618 in
849 3569 1088 3630 Hospitale
1111 3569 1141 3616 ii
1161 3570 1475 3630 reciperentur
1493 3605 1506 3624 ,
1533 3569 1610 3631 qui
1626 3566 1777 3616 exteri
1796 3564 1937 3614 essent
1956 3600 1969 3618 ‚
2004 3566 2050 3612 &

93 3633 322 3696 principue
343 3669 357 3689 ,
390 3632 468 3696 qui
486 3638 543 3682 ab
560 3632 794 3697 Hospitali
818 3634 990 3683 Montis
1011 3631 1176 3681 Falisci
1199 3632 1610 3682 transmitterentur
1625 3667 1639 3683 .
1676 3629 1875 3681 Acceffit
1895 3627 2045 3698 felici-

200 3711 208 3715 .
1900 3702 1984 3738 tau
