2571 3961
264 247 472 324 gamana.
493 256 540 291 ω’
679 199 1194 301 ⁷RICTJNORIEN.
1240 241 1344 309 Qui
1385 257 1515 291 nunc
1560 238 1911 291 Parochialem
1948 242 2221 294 Ecclesiam
2251 242 2308 294 S.
2347 242 2465 295 An·-

262 302 484 404 jjffisim·
501 316 541 349 ⁷⁶
732 315 862 369 dreae
887 316 1035 367 Villae
1054 315 1326 378 Dugheriae
1348 345 1360 367 ,
1380 309 1692 374 alteramque
1715 310 1762 358 S.
1778 310 1979 362 joannis
2004 312 2218 374 Raptistae
2256 314 2460 369 eidem„

264 392 266 394 ’
293 383 303 391 ”
327 381 363 408 ‘⁹‘
383 381 393 393 ⁹
426 389 434 401 ¹
668 391 861 441 unitam
887 382 1099 450 possidet
1122 383 1480 444 Hieronymus
1499 377 1863 434 Mambellius‚
1885 395 2002 434 cum
2029 393 2237 444 utraque
2260 379 2459 435 fatisce-

665 472 780 520 ret,
822 458 871 507 ὅ(
913 454 1222 504 dilaberetur
1248 484 1261 505 ‚
1302 447 1644 499 Parochianos
1669 447 1718 498 in
1736 447 1813 512 jus
1835 450 2074 512 vocavit,
2113 460 2168 503 ut
2193 450 2254 500 ab
2277 450 2336 501 iis
2356 451 2460 505 sar-

669 529 891 579 cirentur
912 559 926 573 .
962 518 1214 573 Decrevit
1235 518 1476 570 Vicarius
1494 516 1759 570 Generalis
1783 517 2121 571 Parochianos
2166 532 2259 581 pro
2294 521 2456 578 tribus

666 596 886 661 partibus
908 590 968 642 ad
988 590 1320 656 reparationis
1344 583 1589 652 impensas
1605 585 1862 638 obstrictos
1884 586 1981 638 effe
1998 624 2012 644 ‚
2049 588 2343 641 Parochum
2362 605 2454 655 pro

669 677 807 731 parte
842 671 1050 725 quarta.
1090 658 1443 724 Appellarunt
1479 656 1776 710 Parochiani
1813 656 1874 709 ad
1913 656 2166 711 Tribunal
2184 654 2253 708 A.
2274 658 2336 710 C.
2369 655 2454 712 sed

667 730 818 786 causae
852 731 1082 798 cognitio
1116 734 1172 784 in
1211 726 1491 781 devolutivo
1531 742 1723 779 tantum
1757 727 1866 780 data
1906 723 2001 779 fuit
2024 725 2452 782 Eminentiffimis

667 800 902 855 Patribus
922 838 936 852 .
975 802 1086 852 Post
1109 804 1212 851 baec
1235 798 1491 850 Parochus
1526 796 1835 849 contendere
1871 797 2028 862 coepit
2049 796 2452 851 Parochialem..

667 871 944 928 Ecclefiam
981 869 1267 922 S.Andreae
1305 880 1531 930 reparare
1553 865 1735 918 inutile
1768 865 1864 917 effe
1882 864 2109 920 futurum
2138 864 2316 920 oblbli
2341 902 2357 926 ,
2402 863 2454 921 in

667 961 767 1006 quo
789 941 1030 992 aedificata
1054 941 1121 990 est
1141 972 1155 996 ‚
1191 948 1426 988 naturam
1447 972 1462 996 ‚
1497 936 1546 986 δέ
1567 932 1718 987 satius
1738 935 1831 986 effe
1856 970 1870 994 ‚
1904 949 1958 990 ut
1979 936 2029 989 in
2051 937 2171 990 loco
2207 933 2416 989 diverso
2435 973 2453 999 ,
2522 944 2532 967 ³

669 1014 714 1059 3<
734 1010 945 1063 firmiori
973 1008 1396 1060 reaedificaretur.
1427 1003 1670 1056 Mandata
1704 1003 1861 1070 igitur
1893 1003 1996 1058 fuit
2027 1005 2308 1066 iurisdietio
2331 1007 2451 1072 Epi·-

666 1085 819 1145 icopo
841 1079 1175 1132 Foroliviensi
1205 1118 1221 1141 ‚
1253 1087 1309 1128 ut
1332 1073 1645 1140 eligerentur
1667 1073 1860 1138 Periti,
1902 1077 1989 1139 qui
2023 1077 2086 1128 de
2126 1080 2248 1130 statu
2273 1077 2449 1130 Eccle-

670 1154 746 1203 siae
769 1187 781 1208 ‚
810 1149 853 1201 &
876 1150 975 1202 loci
1006 1148 1252 1214 qualitate
1273 1142 1553 1197 referrent.
1589 1142 1889 1196 Parochiani
1919 1144 2148 1198 Peritum
2177 1144 2323 1199 suurn
2346 1145 2452 1198 ele-

669 1232 855 1289 gerunt
875 1254 888 1278 ,
929 1219 1013 1285 qui
1035 1215 1225 1270 censuit
1248 1251 1262 1276 ‚
1291 1228 1560 1277 utramque
1584 1213 1859 1267 Ecclefiarn
1886 1217 2096 1281 reparari
2115 1213 2265 1271 facile
2288 1216 2446 1281 posse,

668 1289 797 1344 &ad
818 1289 927 1342 illas
943 1287 1242 1352 reparandas
1263 1319 1280 1347 2
1316 1277 1561 1347 sartasque
1604 1286 1755 1336 tectas
1795 1280 2157 1338 conservandas
2194 1287 2445 1351 praestita„

669 1361 852 1413 idonea
873 1355 1184 1420 fidejussione
1201 1356 1247 1410 se
1271 1354 1486 1409 obtulit?
1523 1355 1776 1407 Parochus
1813 1371 2016 1422 quoque
2038 1355 2264 1409 Peritum
2303 1353 2448 1407 suum

666 1430 824 1497 elegit
845 1469 860 1493 ,
900 1427 982 1481 sed
1002 1427 1117 1479 inde
1138 1430 1197 1480 ab
1216 1426 1316 1479 alio
1339 1423 1510 1477 Petito
1541 1422 1787 1480 iudicium
1825 1426 2000 1477 datum
2036 1422 2129 1477 fuit
2150 1461 2165 1478 .
2204 1425 2305 1477 Hic
2325 1440 2449 1477 cen-

667 1497 763 1551 suit
778 1499 1047 1552 Ecclefiam
1062 1497 1322 1552 S.J0annis
1341 1493 1561 1560 Baptistae
1582 1496 1799 1559 reparari
1819 1496 1950 1560 posse
1973 1529 1988 1553 ,
2028 1510 2131 1546 non
2153 1509 2281 1547 vero
2314 1494 2447 1545 alte-

669 1586 782 1622 rum
805 1569 853 1620 S.
877 1568 1126 1624 Andreae‚
1160 1570 1308 1634 eique
1345 1566 1589 1617 adnexam
1627 1566 1847 1616 domum
1885 1564 2232 1616 parochialem
2272 1599 2289 1624 ‚
2325 1565 2445 1630 quia

669 1639 835 1691 solum
856 1639 1005 1690 nimis
1036 1637 1298 1690 infirmum
1317 1635 1373 1686 fit
1402 1670 1416 1686 .
1449 1631 1810 1687 Dissidentibus
1836 1638 2001 1701 itaque
2021 1635 2199 1686 Peritis
2224 1669 2237 1691 ‚
2259 1637 2441 1686 tertius

671 1710 857 1762 eleftus
876 1706 1000 1765 fuit,
1027 1703 1330 1773 *quiacceslit
1351 1704 1519 1757 Pei-ito
1541 1705 1755 1756 parochi
1782 1743 1795 1757 .
1828 1704 1990 1757 Causa
2025 1720 2157 1755 nunc
2197 1704 2444 1769 proponi-

671 1792 752 1832 tur
773 1819 790 1844 ,
820 1775 1132 1842 &disputant
1171 1773 1469 1829 Parochiani
1503 1775 1695 1826 nullam
1718 1774 1927 1828 duarum
1963 1774 2265 1825 Peritiarum
2287 1811 2303 1836 ‚
2335 1789 2444 1840 quae

670 1851 897 1903 Parocho
915 1845 1088 1900 favent
1113 1884 1126 1907 ‚
1157 1845 1440 1899 habendam
1463 1845 1559 1895 effe
1586 1847 1833 1898 rationem
1853 1880 1867 1902 ‚
1907 1845 2039 1910 quod
2063 1845 2254 1908 primus
2278 1858 2444 1905 neque

672 1938 699 1973 a
735 1917 908 1974 Judice
941 1915 1128 1969 elestus
1162 1952 1176 1974 ‚
1211 1930 1373 1982 neque
1412 1915 1740 1966 confirmatus
1770 1912 1959 1969 fuerit,
1997 1916 2125 1965 alter
2154 1928 2280 1965 vero
2309 1947 2324 1970 ‚
2356 1911 2443 1975 qui

672 1989 745 2042 uti
766 1989 981 2053 peritior
997 1986 1182 2038 ele‘c’tus
1200 1982 1292 2038 fuit
1313 2020 1327 2044 ,
1347 1984 1484 2034 rudis
1509 1985 1597 2043 fit,
1617 1986 1665 2037 ὅ(
1682 1995 1844 2036 artem
1865 2024 1881 2049 ,
1907 1999 2009 2034 non
2030 1983 2312 2049 intelligat:
2334 1980 2445 2046 spe*-

669 2057 906 2112 &andum
928 2057 1022 2110 effe
1036 2056 1287 2112 judicium
1322 2053 1476 2105 Periti
1498 2053 1931 2106 parochianorum
1954 2088 1968 2112 ,
2006 2054 2090 2118 qui
2108 2051 2193 2104 suo
2217 2051 2446 2117 periculo

669 2141 793 2192 opus
813 2127 1066 2181 redimere
1089 2126 1219 2179 vult:
1243 2124 1381 2176 Hinc
1402 2122 1777 2176 reaedificationi
1802 2124 1974 2177 locum
1999 2140 2096 2175 non
2116 2124 2210 2174 effe
2227 2136 2451 2175 conten-
2497 2137 2504 2140 “

669 2199 796 2248 dunt
820 2214 833 2250 z
855 2196 1246 2260 Reparationem
1265 2209 1387 2243 vero
1409 2192 1688 2244 faciendam
1710 2195 1803 2245 effe
1823 2194 2054 2257 impenfis
2076 2191 2324 2251 parochi,
2360 2191 2448 2256 qui

671 2270 848 2319 uberes
867 2282 1059 2318 annuos
1081 2262 1268 2316 fruetus
1291 2260 1480 2325 sc.i5o.
1520 2279 1580 2313 ex
1615 2262 1854 2315 Parochia
1886 2262 2136 2328 'percipitz
2173 2263 2447 2314 Sacrorum

668 2337 932 2388 Canonum
954 2372 976 2398 ,
1010 2336 1058 2387 δι
1079 2331 1355 2398 pracsertim
1386 2328 1675 2384 Tridentini
1694 2325 2014 2400 dispositione
2033 2344 2241 2385 cautum
2264 2331 2361 2384 effe
2383 2329 2445 2381 ad

670 2404 1006 2458 Parochianos
1026 2402 1340 2455 veniendum
1360 2417 1461 2451 non
1479 2402 1573 2453 effe
1594 2439 1609 2464 ‚
1647 2402 1736 2453 nist
1772 2416 1891 2455 cum
1925 2401 2179 2453 Parochiae
2218 2400 2445 2454 redditus

670 2479 740 2526 {ta
762 2489 932 2527 tenues
955 2473 1047 2525 fint
1069 2507 1085 2532 ‚
1127 2484 1181 2525 ut
1202 2472 1283 2524 vix
1300 2485 1532 2537 congrua:
1550 2472 1761 2523 Parocbi
1791 2470 2133 2528 sustentationi
2165 2469 2405 2524 sufficiant
2430 2504 2447 2523 .

668 2547 791 2598 Haec
810 2545 1095 2597 Parocbiani
1114 2577 1131 2596 .
1153 2543 1201 2593 Α
1218 2540 1443 2592 Parocho
1466 2539 1589 2591 nibil
1612 2541 1876 2595 habuimus
1897 2578 1911 2593 .
1934 2541 2160 2593 Dubium
2182 2543 2248 2593 est
2266 2577 2282 2593 .

610 2615 693 2667 An
698 2616 760 2680 fit
781 2620 909 2666 locus
929 2615 1265 2669 restaurationi
1283 2612 1488 2675 Ecclestae
1508 2611 1807 2663 parochialis
1828 2615 1867 2662 S
1872 2611 2095 2662 Andreae
2108 2645 2121 2668 2
2149 2613 2212 2668 ὠ
2228 2614 2268 2665 S
2272 2610 2444 2679 Ss'oan-

672 2689 748 2735 m's
774 2685 991 2752 Baptzssae
1015 2717 1029 2741 ‚
1068 2685 1130 2739 ὠ
1156 2681 1408 2750 respeff‘t'z‘ve*
1431 2681 1612 2731 Domus
1638 2683 1937 2733 parochialis
1965 2681 2114 2735 Villa:
2149 2681 2442 2747 Dugheriae3

654 2757 761 2816 sive
785 2760 945 2823 potius
980 2751 1338 2819 reaedzficationi
1360 2785 1375 2812 ,
1416 2769 1508 2827 quo
1545 2755 1598 2805 in
1632 2755 1761 2816 loc0,
1798 2756 1859 2810 (ἀι
1896 2754 2074 2824 quibus
2088 2753 2361 2818 sumptibus
2386 2757 2442 2803 in

663 2830 774 2893 casu
796 2831 902 2884 &cu

733 2964 910 3018 Dilata
929 2968 990 3020 ad
1010 2966 1220 3032 primam
1254 2967 1359 3031 post
1390 2982 1539 3031 aquas
1556 2987 1581 3029 ,¹
1610 2966 1659 3018 ὅ(
1677 2965 1735 3019 ad
1759 2963 1826 3015 D.
1848 2959 2187 3017 Secretarium
2207 2978 2296 3029 pro
2314 2974 2437 3025 pro·

595 3037 786 3089 visione
803 3038 1042 3102 capienda
1059 3034 1199 3101 super
1222 3037 1498 3090 neceffarris
1527 3034 1920 3102 reparationibus
1941 3069 1956 3084 .

308 3187 548 3239 effu-cm.
715 3174 958 3227 l-SCIEN.
999 3173 1492 3229 OFFICIATURAE
1527 3171 1890 3226 MISSARUM
1915 3206 1928 3222 .
1959 3171 2155 3223 Statuto
2196 3163 2434 3220 Prioralis

278 3253 313 3276 :22
342 3241 410 3291 raefi
723 3245 959 3302 ⁴liieclefifle
978 3242 1268 3294 Sannoi-um
1292 3244 1529 3309 Stephani
1551 3278 1563 3299 ‚
1603 3243 1646 3294 8<
1669 3239 1882 3295 Nicolai
1904 3276 1918 3298 ‚
1953 3241 2110 3306 inqua
2130 3235 2435 3303 Capitulum

667 3318 733 3366 est
754 3350 767 3371 ,
806 3316 853 3366 a&
872 3311 1109 3365 parochia
1133 3346 1144 3368 ‚
1191 3313 1250 3364 ad
1276 3312 1681 3376 prospiciendum
1721 3310 1925 3375 publico
1951 3309 2129 3375 Populi
2157 3303 2440 3359 commodo

665 3396 868 3435 cautum
891 3386 958 3433 est
981 3418 992 3438 ‚
1016 3393 1066 3432 ut
1087 3395 1289 3448 tempore
1310 3382 1608 3433 Divinorum
1630 3382 1901 3447 Officiornm
1919 3383 2019 3430 duae
2038 3377 2292 3444 Miffaestue
2310 3381 2437 3424 can'·

664 3466 720 3500 tu
739 3455 1038 3504 celebrentur
1056 3487 1068 3508 2
1104 3467 1203 3502 lma
1222 3455 1273 3501 in
1286 3456 1523 3518 principio
1546 3449 1891 3503 conventualis
1910 3484 1925 3508 ,
1961 3451 2132 3501 altera'
2149 3447 2245 3513 post
2291 3443 2436 3494 Com·-

668 3528 823 3569 §.eunio
843 3524 1042 3586 ejusdem
1060 3521 1218 3589 Mtffae
1239 3524 1427 3588 majoris
1450 3538 1462 3574 ε
1499 3523 1668 3573 Prima
1710 3525 1768 3572 ab
1790 3537 1852 3571 eo
1873 3554 1886 3575 ‚
1920 3520 2006 3583 qui
2031 3516 2165 3582 dest-ft
2184 3513 2268 3583 effe
2294 3515 2434 3563 Heb-

671 3592 969 3642 domzm'arius
993 3628 1009 3653 ‚
1044 3592 1400 3660 cuisatiffaff't'io
1417 3596 1618 3645 duarum
1634 3591 1886 3659 Miffarum
1895 3603 1983 3656 pro
2001 3587 2180 3654 Archip
2190 3587 2375 3648 resbyce
2392 3601 2420 3632 ν

2206 3655 2408 3705 Michae
