2571 3961
1936 151 1950 180 1

41 212 205 261 li'orum
221 207 397 257 Cilenti
421 205 685 255 Dioeceseos
706 202 1061 266 Caputaquensis
1104 238 1115 249 .
1150 197 1338 261 Cecilia
1359 197 1452 257 ipsa
1470 231 1484 251 ,
1518 195 1703 259 ejusque
1728 192 1822 242 filia
1846 150 1987 242 Cata?

39 277 141 322 rina
160 288 267 320 uxor
297 270 458 319 Caroli
489 270 638 316 Panza
670 267 869 316 vulneris
908 267 1137 313 auctorem
1177 264 1384 310 fecerunt
1420 259 1712 307 Sacerdotem
1746 259 1986 313 josephum

0 368 9 382 r
45 335 343 386 Bartolinium
366 370 378 389 ‚
412 330 645 380 asserentes
661 348 762 379 eum
797 326 958 378 crraffe
977 362 992 380 ‚
1024 330 1066 375 δι
1099 342 1200 374 cum
1237 324 1382 372 filiam
1415 327 1662 383 impeteret
1682 356 1694 372 ,
1735 320 1988 371 occidisse-2

45 413 232 454 matrem
261 415 272 441 ε
306 413 359 443 ea
380 411 470 444 vox
486 433 498 453 ,
529 397 572 442 &
595 395 710 441 sama
727 393 782 438 de
799 391 1002 440 criminis
1019 390 1149 446 huius
1169 391 1353 435 διιᾶσι-ε
1372 400 1450 448 per
1471 385 1734 432 universum
1754 383 1887 428 illum
1918 384 1988 427 lo-

48 478 152 510 cum
168 461 427 524 percrebuit
446 491 461 506 .
496 458 691 516 Aufugit
709 454 966 502 diffamatus
985 454 1222 505 Sacerdos,
1254 453 1296 500 δι
1330 448 1533 510 sequenti
1562 463 1682 494 anno
1707 458 1838 514 1739.
1884 460 1992 504 pre-

48 539 121 571 ces
141 522 305 572 obtulit
324 523 458 569 Sacro
470 521 577 568 huic
594 518 838 565 Tribunali
857 552 870 567 2
902 517 1068 577 quibus
1092 514 1279 575 petebat
1296 511 1627 560 absolutionem
1652 511 1707 555 ab
1729 505 1996 568 1rregulari-

51 599 147 633 tate
165 585 461 646 obimpictum
479 586 566 630 hoc
585 578 822 635 homicidii
841 579 1011 628 crimen
1029 612 1041 625 .
1075 579 1234 623 Preces
1254 577 1319 622 hae
1340 572 1472 619 missae
1496 606 1507 625 ‚
1538 588 1584 618 ut
1611 571 1710 617 fieri
1743 569 1860 617 solet
1884 604 1897 621 ‚
1932 567 1989 619 ad

48 649 321 711 Episcopum
334 660 418 712 pro
437 649 753 706 informatione
775 676 788 694 ,
828 649 1009 691 &voto
1034 674 1048 693 ,
1082 653 1251 691 novum
1270 637 1312 682 ei
1337 638 1630 695 praebuerunt
1650 632 1868 680 indicium
1886 646 1995 680 con-

49 726 124 760 tra
140 712 424 759 Sacerdotem
444 745 457 763 ‚
488 709 677 766 ideoque
692 718 783 750 non
805 702 1041 750 dubitavit
1054 700 1130 747 die
1150 714 1222 748 20.
1244 698 1351 754 Julii
1373 713 1492 744 anno
1527 711 1656 750 1740.
1690 707 1848 742 contra
1890 707 1994 744 eum

52 773 132 838 qui
151 775 304 836 sponte
324 767 737 819 seseincareeribus
758 765 1083 818 constituerat,
1119 764 1394 812 sententiam
1416 759 1526 807 ferre
1550 795 1561 811 ,
1596 775 1682 819 qua
1719 758 1993 818 pronuncia-

47 839 150 891 vit,
186 872 216 890 „
248 836 444 884 constare
467 846 544 896 per
559 829 764 892 graviora
782 827 947 875 indicia
961 844 1017 875 ex
1049 827 1231 889 publica
1250 839 1361 873 voce
1383 857 1398 875 ‚
1431 825 1473 870 &
1508 821 1624 870 fama
1662 821 1713 869 de
1747 818 1995 865 homicidio

51 935 84 954 2,
119 902 206 950 διε.
221 910 358 962 prout
374 913 430 944 ex
445 895 668 953 relatione
686 907 763 953 pro
781 890 1032 948 hujusmodi
1051 888 1207 937 effestu
1225 888 1426 949 porrecta
1447 888 1501 933 ad
1519 888 1616 932 Sae.
1651 882 1996 943 Congregatio-

51 995 87 1021 2,
116 978 221 1010 nem
240 960 404 1008 constat
419 957 624 1005 &tc-ideo
641 953 1036 1005 condemnandum
1067 954 1119 998 ad
1154 952 1425 999 exulandum
1456 951 1542 996 διο.
1584 961 1662 1008 per
1705 943 1958 992 triennium
1983 977 1997 995 ‚

53 1060 87 1080 ‚,
121 1025 241 1086 salva
257 1020 475 1070 facultate
503 1017 762 1069 moderandi
782 1020 866 1066 &c.
885 1019 926 1065 &
945 1019 991 1066 in
1004 1014 1137 1064 causa
1171 1014 1426 1061 declaratur
1460 1011 1722 1072 irregularis
1749 1044 1762 1061 ,
1793 1006 1940 1053 donec
1965 1023 1991 1059 a

53 1121 87 1141 ‚‚
120 1089 272 1135 Sancta
287 1085 394 1130 Sede
411 1080 753 1144 dispensationis
770 1081 965 1144 gratiam
980 1095 1068 1127 non
1087 1078 1333 1125 obtinuerit
1354 1111 1384 1129 ‚‚
1406 1111 1418 1127 ‚
1459 1074 1652 1121 Romam
1669 1069 1797 1119 venit
1834 1067 1999 1120 Barro-

57 1149 227 1200 liniusr,
258 1148 300 1193 ὅ(
320 1145 407 1193 sese
423 1143 648 1208 adscripsit
667 1145 856 1193 servitio
875 1142 1084 1191 Ecclesiae
1105 1143 1297 1202 primum
1314 1138 1358 1182 S.
1378 1137 1532 1185 Marioe
1552 1140 1598 1184 in
1616 1144 1771 1198 Campo
1813 1133 1967 1180 Carleo
1985 1166 2001 1185 ,

59 1213 160 1258 inde
179 1210 223 1262 S.
240 1207 404 1268 Mariae
425 1209 730 1260 Liberatricis
746 1244 757 1256 .
793 1204 946 1267 Lapsis
963 1205 1051 1262 iam
1070 1205 1226 1254 decem
1245 1236 1257 1254 ,
1298 1202 1339 1248 &
1362 1200 1531 1263 septem
1547 1198 1677 1249 annis*
1699 1196 1809 1243 adie
1840 1194 2001 1243 obitus

54 1271 260 1325 Caeciliae
283 1306 296 1326 ‚
326 1271 535 1318 rediitad
548 1270 636 1318 hoc
651 1269 840 1317 Sacrum
857 1267 1084 1315 Tribunal
1103 1302 1117 1321 ,
1151 1268 1192 1313 δι
1213 1263 1309 1312 duo
1340 1263 1536 1327 postulat
1568 1262 1769 1324 primum
1788 1294 1800 1312 ,
1837 1272 1888 1306 ut
1922 1259 1997 1304 de-

55 1337 254 1382 claretur
271 1351 359 1382 non
377 1334 577 1387 constare
588 1333 646 1380 de
659 1331 903 1381 homicidio
922 1367 935 1386 ,
969 1333 1160 1379 alterum
1179 1343 1291 1376 vero
1309 1361 1322 1379 ,
1354 1338 1404 1373 ut
1426 1362 1438 1379 ,
1470 1325 1501 1372 si
1520 1337 1686 1373 eontra
1723 1320 2000 1369 Eminentis-

54 1398 144 1448 mis
159 1399 369 1448 Patribus
386 1397 598 1459 videatur·
615 1431 630 1451 ,
660 1394 952 1457 respondeant
972 1397 1123 1442 locum
1142 1389 1228 1438 esse
1261 1388 1572 1450 dispensationi
1594 1407 1602 1432 2
1636 1397 1768 1447 negat
1798 1383 1998 1432 constare

58 1462 113 1508 de
130 1461 389 1517 homicidio
408 1495 423 1514 ,
454 1460 561 1526 quia
579 1474 725 1520 neque
746 1461 792 1506 in
810 1473 973 1521 genere
992 1494 1006 1512 ‚
1036 1471 1186 1519 neque
1223 1454 1268 1499 in
1287 1452 1427 1511 specie
1449 1451 1620 1500 constet
1641 1449 1698 1496 de
1718 1462 1911 1508 corpore
1925 1449 2000 1494 de-

60 1524 199 1578 lifflzv
230 1523 373 1572 multa
390 1525 570 1585 quidem
588 1523 803 1572 haedere
826 1523 1016 1575 habet,
1049 1537 1144 1580 quae
1176 1516 1354 1565 fortasse
1388 1515 1570 1563 inutilia
1612 1513 1752 1560 videri
1789 1521 2002 1570 poterunt

60 1586 430 1655 Eminentiffimis
448 1585 652 1633 Patribus
670 1597 700 1638 ‚·
717 1600 818 1633 cum
837 1584 973 1632 obstet
991 1584 1216 1631 sententia
1236 1579 1510 1641 Episcopalis
1531 1615 1543 1632 ,
1576 1594 1600 1624 a
1616 1592 1700 1637 qua
1730 1590 1821 1620 non
1843 1574 2004 1635 appel·

62 1648 206 1695 lavit:
252 1648 592 1710 Dispensationi
611 1663 724 1696 vero
741 1648 1156 1710 abii-regularitate
1177 1646 1325 1692 locum
1345 1641 1433 1689 esse
1458 1641 1567 1688 dicit
1586 1674 1599 1691 ,
1633 1637 1738 1698 quia
1760 1636 1893 1698 longa
1926 1636 2004 1684 de-

60 1728 160 1759 cem
177 1745 192 1765 ‚
226 1711 449 1772 &septem
469 1726 692 1759 annorum
711 1712 983 1771 poenitentia
1002 1726 1100 1759 eam
1118 1719 1348 1756 mereatur
1368 1743 1380 1760 ,
1400 1720 1502 1754 nam
1523 1707 1622 1762 iure
1642 1699 1882 1748 Pontificio
1894 1714 2005 1745 con-

59 1775 267 1826 stitutum
282 1775 372 1831 est,
405 1786 455 1822 ut
474 1775 731 1836 Presbyteri
753 1773 990 1822 homicidae
1009 1771 1242 1820 duodecim
1272 1771 1401 1817 annis
1435 1766 1688 1829 poeniteant
1717 1763 1863 1821 can-si
1900 1770 2006 1828 quis

64 1841 526 1897 homicidiumfecerit
544 1837 811 1893 distinam.
837 1837 951 1884 Haec
967 1834 1248 1884 Bartolinius
1268 1870 1279 1881 .
1304 1833 1412 1881 Duo
1428 1830 1561 1881 dubia
1583 1828 1681 1886 sunt
1705 1865 1717 1878 .

2 1902 43 1950 Ι.
74 1910 151 1950 Aa
168 1901 330 1958 constet
346 1905 397 1951 de
414 1903 653 1961 homicidio
671 1900 693 1946 ,ἶ
730 1902 771 1948 δι
797 1912 1017 1961 quatenus
1036 1897 1302 1956 affirmative
1321 1932 1337 1955 .-

0 1966 67 2019 .ll.
99 1964 244 2022 Ansit
258 1966 383 2019 locus
404 1962 718 2030 dispensationi
735 1968 780 2014 in
800 1965 900 2028 qasae
925 1969 1033 2028 &qq
1292 1953 1299 1959 ⁶

8 2156 119 2271 R
144 2156 403 2207 EATlNA
421 2158 802 2209 CAPPELLAN
816 2160 896 2209 1AE
912 2180 927 2205 z>
959 2158 1200 2208 Ecclesiam
1218 2195 1231 2212 ,
1250 2157 1341 2204 five
1359 2152 1631 2217 cappella-m
1651 2151 1816 2197 Sanetae
1852 2143 2012 2194 Mariae

160 2220 219 2268 de
236 2224 401 2269 Monte
424 2224 472 2270 in
489 2226 609 2284 Pago
628 2226 860 2275 Civitellae
880 2224 1067 2271 Veruici
1083 2224 1280 2286 populus
1297 2218 1539 2268 :edificavit
1558 2230 1673 2262 anno
1690 2230 1705 2260 ι
1721 2208 1861 2272 535]
1877 2223 2015 2256 erra:-

2099 2169 2211 2222 Sefs.
2233 2177 2298 2223 ¹4·
2323 2175 2430 2212 c.12.

2100 2237 2211 2288 ScJS.
2233 2244 2252 2269 2
2266 2243 2310 2282 5·
2326 2244 2372 2285 c·-
2385 2241 2432 2281 9.

71 2298 220 2332 motus
240 2301 357 2332 anno
379 2300 511 2348 1703.
533 2287 736 2334 funditus
767 2288 906 2335 diruit
925 2323 938 2340 ,
977 2286 1196 2334 Sacerdos
1226 2284 1490 2344 Recuperus
1518 2276 1768 2326 sanfflnius
1788 2274 1860 2320 sua
1878 2286 2013 2333 pecu·
2068 2296 2119 2342 de
2136 2293 2231 2356 Rff·

2 2396 4 2400 ,
71 2362 149 2417 nia
166 2348 367 2418 restituit
390 2387 400 2397 .
438 2351 531 2396 Hic
553 2349 845 2398 Testamento
863 2386 877 2404 ‚
917 2366 1007 2410 quo
1025 2348 1202 2395 decessit
1223 2363 1339 2394 anno
1355 2360 1487 2400 1¹:743·
1517 2377 1530 2395 ,
1570 2343 1666 2387 haec
1688 2340 1753 2385 ait
1771 2369 1784 2387 ,
1800 2351 1893 2396 quae
1913 2336 2019 2380 lon-

70 2412 397 2470 ss¹u1c¹¹l³11cet
419 2448 432 2465 ‚
470 2412 712 2460 necessario
744 2427 895 2459 tamen
913 2414 1017 2460 sunt
1044 2413 1302 2471 apponenda
1335 2443 1366 2461 „
1388 2402 1681 2455 Dichiaroin
1706 2401 1821 2447 oltre
1844 2398 1886 2444 di
1911 2413 2019 2442 ave-

74 2505 106 2523 κ
141 2488 186 2543 ῖς
208 2508 221 2525 ,
250 2489 275 2520 e
299 2474 531 2533 possedere
551 2477 594 2522 in
623 2479 749 2522 detta
771 2476 915 2523 Patria
933 2491 1021 2521 una
1038 2473 1203 2520 Chiesa
1222 2509 1234 2526 ,
1263 2488 1294 2518 0
1313 2472 1371 2518 fia
1386 2467 1609 2527 Cappella
1648 2465 1771 2513 sotto
1790 2462 1824 2508 il
1846 2459 2017 2507 Titolo

75 2568 107 2587 2,
141 2537 184 2581 dl
203 2536 245 2580 S·
265 2538 416 2584 Maria
429 2539 500 2586 de}
519 2537 681 2584 Monte
696 2554 780 2586 con
800 2537 965 2585 div-ersi
985 2536 1087 2584 beni
1109 2535 1256 2584 stabili
1274 2533 1471 2596 soggetti
1492 2531 1583 2577 alla
1601 2529 1801 2575 medema
1819 2558 1833 2576 ,
1864 2525 1907 2569 &
1946 2540 2016 2570 a...

75 2632 107 2651 2,
141 2615 210 2644 me
229 2597 442 2661 spettanti
458 2638 468 2654 ‚
505 2602 546 2647 ὅ(
569 2601 881 2663 appartenenti
903 2600 1145 2646 lasciatimi
1165 2602 1239 2646 dal
1262 2595 1492 2658 quondam
1532 2589 1805 2639 Bernardino
1824 2587 1914 2632 mio
1933 2585 2017 2634 Pa·

76 2695 108 2715 »
140 2662 216 2708 dre
241 2678 330 2731 ‘con
349 2663 509 2724 obiigo
523 2663 566 2709 di
597 2663 744 2711 clover
783 2664 1011 2711 celebrare
1033 2678 1119 2709 una
1149 2661 1295 2711 Messa-
1315 2697 1327 2714 ,
1359 2676 1384 2705 e
1413 2658 1596 2706 siccome
1631 2652 1829 2714 poffiedo
1858 2646 2019 2695 diversi

79 2757 110 2778 »
143 2724 266 2794 Βεηι·
286 2741 309 2770 e
331 2724 505 2786 ragioni
528 2725 766 2773 lasciatimi
785 2726 856 2772 dal
874 2728 1092 2785 quondam
1117 2719 1321 2772 Antonio
1351 2721 1539 2767 Marino
1571 2717 1661 2763 mio
1678 2716 1832 2775 nipote
1852 2748 1866 2769 ‚
1908 2712 2018 2772 pero

79 2819 123 2842 '’·
146 2788 299 2856 V9g1¹0
322 2824 334 2842 ‚
372 2788 454 2836 che
471 2788 642 2849 seguita
662 2789 702 2834 la
722 2790 809 2836 mia
833 2802 974 2834 morte
992 2823 1005 2841 ,
1039 2788 1149 2835 tutti
1175 2788 1206 2835 li
1228 2787 1397 2833 sudetti
1418 2783 1559 2833 Beni,
1588 2797 1611 2826 e
1631 2780 1799 2840 ragiom
1819 2774 2021 2823 lasciati-

80 2881 112 2901 υ
146 2863 206 2918 ¹¹¹}
234 2850 289 2918 da·
307 2852 436 2902 detto
453 2850 684 2911 quondam
704 2852 910 2899 Antonio
929 2850 1102 2897 Marini
1122 2887 1134 2904 .
1172 2850 1280 2896 dal-1³
1299 2846 1561 2897 infrascritti
1580 2843 1687 2889 miei
1707 2840 1823 2888 eredi
1843 2838 1869 2884 fi
1905 2837 2021 2886 deb—

83 2945 116 2964 „
150 2911 258 2957 bino
279 2928 597 2973 incorporare,
624 2915 665 2960 &
687 2915 817 2961 unire
838 2914 917 2961 alli
940 2913 1130 2965 suddetti
1172 2912 1276 2960 altri
1308 2910 1418 2958 Beni
1451 2906 1648 2970 suggetti
1683 2919 1810 2951 come
1840 2902 1962 2960 sopra
1997 2915 2022 2947 a

82 3008 113 3027 2³
146 2974 272 3019 desta
294 2976 517 3045 §appella
534 3012 546 3029 ,
581 2993 610 3020 0
633 2975 688 3022 sla
711 2976 875 3024 chiesa
898 2991 976 3036 per
995 2989 1206 3023 aumento
1226 3011 1238 3026 ‚
1272 2991 1295 3020 e
1315 2975 1448 3020 fondo
1476 2972 1516 3017 di
1535 2971 1661 3016 detta
1692 2962 1987 3026 Cappellania
2009 2999 2022 3015 ‚

81 3068 112 3089 a,
147 3052 171 3082 e
191 3038 274 3085 che
292 3037 325 3084 h
346 3039 545 3087 medemi
564 3035 830 3088 infrascritti
851 3039 1316 3089 mieieredidebbano
1330 3036 1566 3083 nominare
1587 3069 1600 3085 ,
1641 3032 1681 3077 &
1720 3029 1930 3090 eleggere
1965 3042 2027 3071 un

80 3134 114 3153 υ
145 3099 697 3161 Cappellanoamovibile
720 3118 743 3147 a
766 3104 833 3149 lor
851 3103 1030 3165 piacere
1047 3137 1060 3154 ,
1091 3104 1202 3165 qual
1219 3099 1502 3161 Cappellano
1522 3094 1579 3139 sta
1609 3105 1770 3139 tenuto
1790 3128 1801 3144 ,
1834 3093 1877 3138 ὃς
1900 3089 2023 3134 obli-

79 3195 112 3216 „
144 3163 491 3230 gatocelebrare
512 3179 598 3210 una
618 3164 757 3214 Messa
779 3166 810 3211 il
830 3165 989 3226 giorno
1012 3168 1057 3212 in
1077 3175 1292 3227 perpetuo
1304 3178 1392 3209 con
1412 3155 1692 3206 l'elemosina
1709 3155 1758 3201 di
1780 3155 1907 3217 grani
1928 3152 2025 3197 die-

77 3258 114 3279 ι»
148 3240 190 3271 Εῑ
209 3224 331 3294 (sella
352 3225 528 3272 sudetta
543 3240 728 3274 moneta
744 3227 784 3274 di
807 3228 971 3289 Regno
991 3265 1002 3282 ‚
1041 3225 1326 3286 compresavi
1345 3227 1449 3286 pero
1474 3221 1517 3267 la
1540 3218 1678 3271 Messa
1699 3255 1711 3272 ,
1742 3232 1872 3263 come
1896 3215 2026 3275 sopra

79 3320 110 3340 ,,
146 3286 329 3333 laselata
345 3289 398 3335 da
416 3290 777 3348 dettoquondam
794 3290 1064 3337 Beruardino
1080 3291 1173 3337 mio
1191 3291 1328 3353 padre
1350 3324 1362 3340 ,
1395 3287 1445 3333 di·
1460 3286 1592 3332 modo
1613 3281 1703 3327 tale
1724 3316 1736 3332 ,
1779 3280 1865 3324 che
1901 3278 2027 3322 detto

77 3382 109 3400 υ»
141 3348 419 3416 Cappellano
437 3366 529 3398 non
546 3350 602 3397 sta
621 3365 778 3398 tenuto
797 3386 812 3412 ,
843 3352 885 3401 se
911 3370 999 3400 non
1021 3356 1103 3401 che
1137 3353 1225 3399 alla
1259 3350 1578 3398 celebrazione
1613 3345 1660 3390 di
1701 3358 1788 3389 una
1810 3339 1954 3386 Messa
1991 3337 2028 3384 il

77 3444 110 3464 2,
144 3425 306 3471 {3¹0¹'110
327 3413 370 3459 in
384 3427 601 3473 perpetuo
618 3413 665 3459 in
682 3412 891 3477 suffragio
908 3415 1198 3463 dell’Anima
1218 3415 1325 3465 mia,
1343 3428 1367 3457 e
1388 3413 1430 3458 di
1448 3411 1582 3457 detto
1599 3409 1766 3467 quond.
1797 3402 2031 3450 Bernardi-

80 3508 110 3526 ‚‚
145 3475 356 3520 noconla
372 3476 543 3522 sudetta
565 3476 801 3525 elemoslna
821 3480 916 3529 διε,
928 3478 1044 3525 della
1061 3478 1199 3538 quale
1219 3475 1538 3524 celebrazione
1560 3471 1603 3515 di
1640 3467 1783 3514 Messa
1817 3467 1849 3511 il
1873 3466 2026 3513 sudet-

82 3570 113 3589 „
148 3548 202 3605 to·
219 3536 502 3605 (Jappellano
519 3539 660 3586 debba
679 3539 744 3584 far
759 3541 932 3587 costare
969 3556 1048 3600 per
1077 3540 1345 3586 documento
1387 3534 1624 3582 autentico
1659 3527 2029 3577 ‘a112infrascritti

81 3631 112 3652 2,
145 3612 249 3645 mle!
264 3601 383 3645 credi
400 3602 450 3647 ad
469 3602 576 3660 ogni
596 3603 660 3646 lor
675 3601 888 3648 richiesta
909 3602 941 3648 il
963 3603 1177 3664 puntuale
1195 3599 1555 3661 adempimento:
1597 3594 1705 3643 Con
1727 3590 2029 3640 dichiarazio—

78 3694 110 3715 θ’
144 3676 196 3710 ¹¹⁶
215 3663 320 3720 9²1⁶
345 3696 358 3712 ‚
390 3679 415 3713 (ν’
436 3663 703 3717 condizion}
722 3662 947 3728 espreffa,
984 3666 1066 3717 che
1095 3663 1139 3714 di
1158 3663 1322 3712 tuttili
1360 3660 1525 3712 sudetti
1560 3658 1671 3710 Beni
1702 3671 1834 3706 come
1867 3653 2031 3713 sopra,

213 3729 493 3778 :romans-JV.
1188 3724 1234 3779 Q
1265 3737 1292 3772 2
1802 3748 1836 3772 2,
1871 3715 1969 3762 050&
