2571 3961
81 2389 192 2447 Sess·
213 2402 287 2442 24.
301 2406 338 2438 c.
370 2406 411 2438 t.

50 2454 102 2502 de
120 2454 207 2509 ref·
219 2466 325 2500 mat.

474 199 506 245 6
588 173 597 186 ‘
1817 174 1825 186 ·
1942 175 1967 198 c

479 260 566 305 lem
585 255 731 304 erexit
750 291 764 306 ‚
800 255 838 299 ἃ
860 269 961 300 cum
983 254 1130 298 nullus
1154 250 1262 296 esset
1295 251 1417 296 inter
1444 259 1630 295 vocatos
1666 263 1691 294 a
1729 246 1968 296 Testatote
2011 261 2143 312 aptus
2179 251 2234 297 ad
2264 264 2410 299 eam..-

477 320 776 369 obtinendam
799 351 811 367 ,
846 317 1099 361 nominavit
1123 313 1311 367 primum
1346 311 1683 371 Cappe-llanum
1720 311 2003 359 Sacerdotem
2038 315 2270 361 Andream
2311 314 2410 358 Va-

482 383 726 431 lentinium
749 415 759 425 .
792 378 996 425 Decessit
1017 378 1090 421 hic
1111 389 1226 420 anno
1244 388 1371 434 1743.
1391 389 1534 432 neque
1554 385 1705 419 tamen
1725 374 1943 421 Patronus
1977 375 2118 422 alium
2153 377 2431 424 nominavit'

481 442 813 504 cappellanum
835 476 846 492 ‚
879 440 1104 484 sedonira
1125 436 1441 494 Cappellaniae
1473 435 1688 498 implevit
1716 451 1799 497 per
1832 434 2080 498 simplicem
2118 441 2407 486 Sacerdotem

487 512 540 555 aid
561 521 724 552 ann-um
744 504 876 560 usque
894 515 1010 555 1751.
1030 535 1042 551 ,
1076 512 1163 559 quo
1181 512 1392 561 tempore
1408 533 1419 549 ,
1453 514 1553 544 cum
1578 498 1818 559 Episcopus
1835 499 2125 546 contenderet
2144 515 2234 547 rem
2249 500 2336 548 ess'e
2350 501 2435 548 de'

486 567 781 630 cappellania
810 562 1106 608 Ecclesiastica
1129 599 1138 611 ,
1175 561 1456 607 Valentinius
1479 562 1640 619 petiit,
1674 573 1724 607 ut
1745 562 1799 605 ab
1816 559 2037 621 Episcopo
2063 559 2190 609 fieret
2210 565 2430 619 erecti0‚'

488 636 528 680 δι
553 629 680 678 simul
699 628 867 671 adeam
885 626 1171 683 precsentavit
1193 624 1429 684 josephum
1452 624 1612 671 Faroni
1629 623 1917 671 Sacerdotem
1936 659 1946 675 ‚
1967 625 2010 671 δι
2030 624 2386 676 Confessarium.

426 700 498 746 Re
518 701 749 753 comperta
781 705 805 732 a
838 688 1051 749 Philippo
1068 687 1383 740 Panichellio,
1415 692 1485 734 cui
1520 688 1882 733 nominationem
1914 687 2179 747 promiserat
2206 687 2429 736 Valenti-⁴

488 759 590 803 nius
609 788 621 806 ,
655 751 822 813 quique
851 751 953 795 licet
972 748 1196 796 Cortona
1232 750 1276 793 in
1297 751 1511 796 Hetruria
1533 763 1661 796 natus
1679 750 1899 810 originem
1920 761 2066 795 tamen
2085 749 2212 798 suam
2234 751 2372 797 tra'hit
2389 766 2418 797 a

491 814 766 868 Panichellis
786 812 938 858 Terrae
960 812 1167 858 Belsorti's
1185 847 1197 863 ‚
1216 812 1418 872 confugit
1441 814 1492 858 ad
1517 812 1897 859 Eminentissimos
1916 809 2063 859 Patres
2081 845 2092 857 .
2112 811 2295 860 Audito
2311 813 2418 869 jam,

492 896 544 928 ut
564 879 698 925 moris
733 876 826 925 est,
860 873 1112 936 Episcopo,
1144 873 1291 918 Causa
1321 889 1440 919 nunc
1476 875 1742 935 proponitur
1768 907 1781 925 ,
1812 875 1852 919 &
1879 873 2071 935 disputat
2112 875 2431 922 Panichellius

492 957 582 991 non
601 938 684 986 effe
716 938 860 984 locum
894 937 1107 982 erectioni
1130 935 1438 996 Cappellaniae
1458 938 1503 982 in
1521 935 1862 983 Ecclefiasticam
1878 972 1890 990 ‚
1924 952 2025 982 cum
2045 952 2203 1000 agatur
2222 937 2279 984 de
2299 951 2421 984 mere

496 1003 668 1052 Laicali
686 1038 697 1055 ,
727 1001 902 1045 nullam
921 1000 1038 1046 enim
1057 997 1277 1045 Testator
1297 998 1551 1060 designavit
1575 997 1812 1044 Ecclesiam
1837 1033 1850 1051 ,
1884 1000 2058 1046 nullum
2082 1003 2426 1063 Altare,neque

499 1064 712 1129 Episcopi
745 1061 1055 1109 aufloritatem
1083 1059 1317 1121 requisivit
1338 1094 1352 1113 ,
1380 1074 1429 1108 ut
1452 1062 1700 1123 erigeretur
1717 1094 1731 1108 .
1766 1060 1872 1106 Eam
1895 1074 2044 1109 autem
2062 1063 2137 1111 fibi
2169 1063 2428 1118 adiudican-

495 1132 598 1177 dam
630 1126 865 1173 contendit
887 1159 899 1176 ,
927 1129 1042 1186 quod
1075 1122 1124 1169 iit
1153 1128 1204 1169 de
1238 1125 1424 1172 Genere
1441 1124 1826 1171 Panichelliorum
1857 1123 2068 1172 sselfortis
2090 1161 2103 1178 ,
2138 1127 2294 1188 quibus
2324 1124 2428 1172 Te-

497 1192 632 1243 stator
666 1186 878 1238 vocando
913 1188 1214 1235 Panichellios
1232 1188 1392 1234 Terrae
1414 1186 1626 1235 Belsortis
1659 1185 1884 1248 designare
1911 1186 2086 1247 quidem
2110 1221 2126 1242 ‚
2156 1189 2199 1234 δι
2228 1189 2424 1236 demon-

498 1259 633 1304 strare
670 1250 868 1299 voluerit
884 1251 1151 1298 corumdem
1168 1251 1390 1313 originem
1414 1287 1429 1305 ‚
1457 1266 1546 1297 non
1558 1266 1667 1298 vero
1685 1249 1977 1297 nativitatem
1999 1282 2012 1300 ,
2053 1251 2094 1294 δι
2113 1248 2393 1299 domicilium
2410 1282 2427 1298 .

500 1319 645 1364 Addit
678 1315 806 1361 reiici
835 1328 925 1360 non
959 1312 1152 1375 potuisse
1184 1329 1207 1358 a
1242 1314 1516 1365 Valentino,
1547 1308 1675 1374 quod
1702 1327 1846 1372 neque
1879 1310 2091 1358 Sacerdos
2123 1309 2206 1364 fit,
2232 1328 2428 1375 ineque...-

499 1376 804 1427 Consessarius
829 1411 841 1429 ,
872 1378 975 1436 quja
996 1393 1098 1424 cum
1118 1376 1331 1423 Testator
1361 1390 1449 1422 non
1475 1369 2063 1437 exprefferi‘tGappellanos
2094 1375 2242 1420 teneri
2268 1386 2352 1438 per
2379 1377 2432 1433 se

502 1445 619 1506 ipsos
654 1455 789 1487 onera
818 1440 984 1494 adit—&a
1021 1441 1243 1500 implere,
1277 1438 1546 1487 censendum
1576 1436 1723 1503 fit'kea‘
1741 1439 1909 1488 verba,
1936 1452 1991 1483 ex
2029 1439 2189 1498 quibus
2212 1437 2433 1483 Valenti-

502 1506 601 1551 nius
623 1539 636 1556 ,
671 1504 712 1548 ὅ(
732 1500 964 1562 Episcopus
987 1502 1266 1549 contendunt
1285 1496 1729 1563 cappellaniarnfttife
1779 1499 2111 1546 Sacerdotalem
2126 1534 2139 1550 ,
2170 1498 2279 1546 stare
2297 1501 2437 1547 dum-

505 1581 634 1614 taxat
665 1563 1014 1612 demonstrative
1044 1568 1099 1614 ad
1130 1565 1436 1627 obligationes
1461 1598 1475 1617 ,
1507 1567 1702 1611 &onera
1722 1564 1859 1610 etiam
1880 1578 1953 1621 per
1969 1562 2088 1609 alios
2107 1563 2388 1624 adimplenda
2422 1577 2436 1604 =
2485 1567 2488 1576 ¹

504 1631 612 1678 satis
646 1629 790 1690 igitur
809 1625 894 1674 ess'e
910 1664 922 1680 ‚
950 1627 980 1672 st
1000 1628 1313 1692 Cappellanus
1333 1628 1386 1673 stt
1407 1628 1617 1674 Sacerdos
1627 1629 1795 1674 'habitu
1814 1660 1827 1677 ,
1864 1627 1905 1671 &
1928 1626 2113 1671 idoneus
2127 1624 2440 1671 Confessioni-

508 1699 588 1743 bus
622 1695 699 1739 suo
729 1705 929 1750 tempore
957 1691 1234 1755 excipiendis
1256 1726 1270 1745 ‚
1302 1690 1448 1752 qualis
1477 1690 1567 1751 ipse
1585 1687 1914 1737 esttesti-monio
1931 1686 2227 1736 Cortonensis
2251 1687 2441 1750 Episco-

511 1759 559 1818 pi
581 1778 589 1803 ε
621 1770 769 1815 eoque
785 1755 976 1814 amplius
995 1790 1008 1808 ,
1041 1757 1156 1816 quod
1173 1769 1244 1810 res,
1262 1753 1322 1803 est
1361 1757 1413 1802 de
1435 1753 1771 1815 consanguineo
1793 1749 2042 1797 Testatoris
2060 1786 2074 1802 ,
2101 1753 2179 1811 qui
2201 1787 2214 1804 ‚
2242 1763 2294 1798 ut
2325 1760 2458 1812 prat-J

511 1824 680 1871 feratur
706 1831 925 1865 extraneo
947 1818 1044 1864 actu
1073 1817 1306 1874 Sacerdeei
1325 1819 1369 1863 in
1391 1814 1651 1870 Beneficiis,
1683 1818 1726 1862 &
1745 1813 2055 1873 Cappellaniis
2072 1827 2178 1858 vere
2213 1813 2443 1860 Sacerdo-

512 1885 709 1935 talibus,
744 1880 845 1927 satis
867 1879 930 1926 est
948 1915 960 1932 ,
994 1880 1024 1926 si
1052 1880 1209 1927 habitu
1233 1879 1408 1927 (zatum
1431 1881 1645 1926 Sacerdos
1677 1877 1727 1924 sit
1755 1877 1880 1932 juxta
1907 1874 2179 1922 constantem
2195 1877 2445 1928 Doctorum

516 1944 784 1997 sententiam
803 1975 817 1989 .
834 1943 946 1995 Haec
963 1942 1267 1991 Panichellius
1286 1962 1297 1990 ε
1317 1945 1363 1991 A
1382 1942 1649 1989 Valentinio
1667 1941 1781 1988 nihil
1803 1939 2045 1987 habuimus
2064 1976 2074 1988 .
2100 1939 2306 1987 Dubium
2319 1936 2383 1988 est
2401 1973 2412 1986 .
2478 1966 2480 1969 -

457 2022 535 2065 „An
563 2005 851 2072 cappellania
867 2041 883 2062 ,
916 2010 970 2056 de
990 2023 1076 2072 qua
1096 2010 1286 2068 agitur,
1314 2007 1374 2064 fit
1394 2009 1607 2068 erigenda
1631 2008 1678 2052 in
1704 2002 1967 2062 Beneficium
1990 2003 2361 2063 Ecclefiasticum·
2385 1996 2469 2052 &s

520 2073 768 2138 respe5live
786 2102 801 2121 ‚
817 2087 872 2118 an
893 2105 905 2123 ,
929 2076 986 2120 Θ
1007 2075 1080 2118 cui
1100 2072 1162 2127 sit
1178 2069 1478 2132 adjadicanda
1496 2078 1542 2119 in
1565 2068 1666 2128 casn
1689 2072 1789 2117 &a
2221 2091 2223 2093 ·

582 2198 872 2249 Affirmative
894 2199 951 2246 ad
984 2203 1175 2261 primam
1192 2212 1361 2262 partem
1381 2201 1619 2248 accedente
1636 2195 1849 2244 consensu
1872 2195 2089 2248 Patroni,
2121 2195 2167 2243 δε
2198 2192 2345 2257 quoad
2360 2165 2449 2242 'se-

518 2268 709 2316 cundam
729 2275 903 2324 partem
920 2265 1265 2320 adjudicandam
1277 2264 1367 2320 effe
1384 2263 1581 2325 josepho
1602 2260 1821 2315 Patroni,
1839 2262 1881 2308 &
1900 2260 2094 2320 amplius
2110 2292 2122 2308 .

458 2394 545 2504 P
565 2389 916 2440 RiMlsLiEN.
952 2390 1418 2439 MATRlMONII.
1454 2391 1590 2438 Patre
1610 2387 1833 2451 Volyniae
1855 2386 2061 2434 Palatino
2078 2383 2290 2433 defunsso
2316 2377 2468 2429 nobi-2

584 2457 636 2502 lis
657 2452 815 2501 Puella
836 2454 1065 2501 Christina
1085 2455 1311 2502 Potockia
1336 2471 1390 2501 ex
1412 2452 1711 2502 destinatione
1747 2466 1931 2509 paterna
1950 2469 1972 2497 a
1990 2451 2170 2500 Matre,
2193 2450 2453 2502 Patruoque

523 2518 687 2566 tradita
707 2517 795 2564 fuit
818 2553 829 2570 ,
861 2531 909 2563 ut
941 2518 1204 2565 educaretur
1234 2518 1468 2565 Catarinae
1506 2515 1740 2565 Potockiae
1767 2515 1905 2562 sorori
1938 2514 2023 2561 suae
2059 2524 2207 2571 nuptae
2227 2507 2457 2576 Stanislao

524 2579 863 2629 RossaKouskio
881 2579 1138 2626 Castellano
1156 2580 1411 2626 Caminensi
1432 2614 1446 2628 .
1479 2581 1602 2627 Cum
1640 2579 1730 2635 jam
1761 2594 1786 2624 a
1818 2578 1960 2624 tribus
1979 2613 1992 2630 ‚
2022 2578 2067 2623 δι
2100 2575 2221 2622 ultra
2251 2571 2379 2619 annis
2402 2582 2453 2615 tn

523 2643 694 2693 aedibus
731 2642 890 2690 sororis
918 2641 1029 2688 esset
1062 2679 1074 2697 ,
1118 2644 1159 2689 δι
1197 2644 1341 2703 plenis
1370 2644 1501 2690 annis
1539 2643 1706 2689 nubilis
1741 2677 1754 2692 ‚
1795 2641 1988 2701 viroque
2022 2652 2197 2685 matura
2232 2672 2245 2689 ,
2275 2635 2317 2681 δι
2358 2631 2458 2678 for-

525 2725 594 2754 ma
612 2742 625 2759 ,
657 2723 710 2754 ac
743 2710 848 2753 dote
876 2706 1124 2754 excelleret
1146 2741 1158 2758 ,
1190 2706 1375 2765 nuptias
1392 2708 1486 2762 ejus
1502 2705 1679 2766 optavit
1699 2703 1900 2750 Thomas
1921 2702 2216 2749 Konauskius
2237 2695 2459 2743 Castella-

526 2787 607 2817 nus
629 2767 846 2815 Biecensis
863 2770 1111 2816 nobilitate
1132 2804 1143 2819 ‚
1175 2770 1216 2815 δι
1234 2768 1390 2828 opibus
1414 2770 1578 2816 Puella:
1595 2784 1688 2815 non
1717 2768 1886 2825 impar.
1924 2767 2016 2812 Hic
2035 2766 2232 2828 primum
2255 2758 2419 2805 Matris
2441 2789 2458 2810 ‚

528 2834 569 2878 &
589 2833 744 2878 Patrui
766 2833 962 2879 animum
986 2865 1000 2884 ,
1036 2833 1137 2878 inde
1154 2829 1315 2878 sororis
1330 2868 1340 2884 ‚
1371 2832 1556 2894 eiusque
1574 2832 1692 2884 viri,
1728 2831 1808 2878 sub
1826 2844 2018 2892 quorum
2034 2841 2139 2874 cura
2157 2823 2313 2870 Puella
2332 2831 2458 2872 erat,

528 2896 791 2954 exploravit
809 2933 819 2942 .
849 2895 1074 2942 Omnibus
1100 2893 1361 2942 consensum
1403 2894 1714 2956 praestantibus
1733 2928 1745 2946 ,
1781 2891 1985 2938 Puellam
2013 2889 2151 2950 ipsam
2183 2886 2340 2953 adiit(
2359 2897 2460 2946 quae

529 2959 701 3003 oblatas
723 2957 902 3017 nuptias
937 2957 1079 3004 libens
1110 2958 1288 3020 accepit
1306 2990 1316 3001 .
1351 2957 1590 3005 Proemissis
1623 2956 1763 3018 igitur
1787 2952 1986 3016 publicis
2002 2949 2428 2998 denunciationibus
2445 2979 2461 2998 ,

531 3019 826 3080 omnibusque
845 3021 1013 3078 paratis
1032 3057 1045 3074 ‚
1070 3021 1142 3067 die
1158 3022 1337 3067 tandem
1356 3035 1431 3073 29-
1456 3020 1662 3066 Ofiobris
1679 3032 1799 3063 anno
1817 3027 1942 3078 ¹75²·
1963 3028 2120 3061 coram
2136 3012 2338 3059 Patocho
2352 3010 2464 3079 *Sto-

531 3080 750 3139 ianecenfi
770 3118 781 3134 ,
817 3085 862 3128 in
883 3082 1006 3136 cuius
1026 3084 1244 3130 Parochia
1271 3084 1410 3131 tribus
1447 3083 1537 3139 jam
1567 3080 1697 3129 annis
1730 3080 1918 3138 degebat
1931 3074 2194 3128 Christina,
2227 3085 2463 3120 matrimo-

531 3145 657 3190 nium
679 3148 953 3190 contraCtum
971 3145 1081 3199 fuit,
1121 3147 1167 3192 in
1184 3162 1273 3207 quo
1292 3147 1392 3195 laeta
1406 3145 1565 3192 omnia
1585 3143 1763 3189 suerunt
1782 3174 1796 3192 ‚
1826 3154 1968 3200 neque
1987 3140 2131 3186 ullum
2141 3134 2464 3185 dissentientis,

533 3207 694 3253 coaclae
711 3239 726 3258 ‚
758 3219 837 3252 aut
856 3209 1093 3255 contrariae
1110 3209 1360 3254 voluntatis
1382 3207 1598 3253 indicium
1611 3205 1772 3251 datum
1794 3203 1880 3248 fuit
1901 3218 1926 3248 a
1941 3201 2098 3248 Puella
2118 3237 2131 3254 ,
2168 3215 2266 3260 quae
2283 3199 2331 3245 in
2352 3195 2467 3243 aedes

534 3268 621 3314 viri
641 3270 835 3316 traducta
857 3306 868 3322 ,
889 3271 931 3315 8<
952 3269 1178 3329 splendido
1194 3269 1414 3317 convivio
1430 3267 1654 3314 discubuit
1671 3302 1683 3320 ‚
1699 3267 1743 3312 8<
1759 3265 1947 3312 choreas
1967 3266 2069 3311 laeta
2085 3264 2221 3311 duxit
2240 3279 2249 3306 ε
2283 3256 2459 3327 lngrest

535 3332 578 3375 {a
601 3331 851 3390 nuptialem
874 3332 1122 3379 thalamum
1138 3344 1269 3379 utero
1287 3332 1441 3394 gravis
1456 3330 1639 3376 reddita
1656 3328 1742 3375 fuit
1758 3364 1775 3383 ‚
1801 3330 1845 3374 &
1876 3328 1934 3376 ad
1952 3328 2065 3375 'nanc
2082 3327 2221 3389 usque
2241 3323 2368 3370 ,diem
2386 3336 2466 3369 in-

534 3393 758 3440 dividuam
776 3410 876 3440 cum
895 3394 998 3441 viro
1011 3398 1120 3442 vitae
1137 3393 1503 3441 consuetudinem
1521 3391 1676 3439 servat
1696 3424 1711 3438 .

475 3455 707 3504 Poenituit
725 3457 919 3502 Matrem
937 3457 1067 3516 paulo
1082 3456 1182 3520 post
1200 3455 1393 3503 Thomae
1410 3453 1551 3501 filiam
1570 3454 1727 3513 nuptui
1753 3453 1916 3500 dedisse
1929 3471 1946 3505 3
1976 3451 2153 3500 causam
2173 3447 2468 3512 poenitentiae

538 3520 822 3577 ignoramu83
859 3520 1178 3580 consiliumque
1214 3518 1348 3579 caepit
1380 3517 1587 3564 irritandi
1618 3519 1986 3567 matrimonium,
2017 3513 2139 3576 quod
2158 3549 2170 3566 ,
2201 3524 2252 3559 ut
2289 3510 2470 3557 facilius

536 3575 745 3639 persi-cere
783 3579 918 3637 posset
937 3615 951 3632 ,
979 3582 1127 3629 voluit
1149 3581 1314 3630 Filiam
1336 3596 1358 3626 a
1377 3582 1476 3627 viro
1498 3582 1715 3626 abducere
1734 3615 1745 3630 ‚
1763 3580 1804 3624 &
1824 3581 1870 3625 in
1890 3576 2188 3624 Monastrium
2207 3574 2441 3621 coniicere
2460 3605 2474 3615 .

539 3640 694 3698 Specie
718 3642 857 3701 igitur
890 3658 985 3687 eam
1020 3644 1189 3690 visendi
1207 3644 1336 3689 venit
1373 3646 1430 3691 ad
1449 3643 1677 3702 Oppi-dum
1713 3639 2070 3688 Bokarodezanii
2091 3673 2105 3691 ,
2143 3637 2220 3683 ubi
2253 3635 2469 3693 coniuges

540 3715 710 3751 moram
734 3703 997 3754 trahebant.
1035 3707 1251 3753 Occurrit
1270 3706 1391 3756 Filia
1419 3705 1684 3756 advenienti
1704 3704 1849 3752 Matri
1866 3705 1919 3749 ad
1953 3702 2137 3754 rhedam
2168 3698 2307 3762 usqne
2324 3714 2338 3741 ι
2364 3697 2472 3742 Ma-

2348 3770 2416 3803 tet
