2571 3961
44 219 228 266 quorum
248 217 354 264 parsv
380 199 562 259 dimidia
577 215 653 263 per
671 215 804 265 agros
820 200 1011 263 dispersa
1027 201 1118 251 est.
1153 200 1319 249 Praeter
1341 212 1478 249 onera
1514 199 1814 271 Parochialia·
1834 199 1969 269 i'riot

43 269 134 315 five
156 265 378 321 Parochus
396 266 484 321 alia
503 279 596 321 non
616 266 736 320 levia
752 265 896 323 subire
913 263 1088 327 cogitur
1105 283 1118 308 ε
1152 263 1309 321 Choro
1327 260 1534 325 siquidem
1551 298 1566 326 2
1593 265 1635 312 δι
1663 265 1815 310 Altari
1838 276 1966 310 inte-

40 328 147 378 reffe
167 328 296 375 debet
331 327 470 375 Festis
498 327 655 383 diebus
671 330 910 381 omnibus,
941 341 1024 381 ut,
1053 329 1095 375 δι
1117 325 1298 390 singulis
1318 326 1485 382 Lunae,
1511 330 1553 385 &
1581 327 1765 383 Sabathi
1788 328 1965 394 sacrum

41 393 186 440 facere
217 391 565 450 antelucanum,
602 392 645 438 δι
668 390 965 447 meridianum
984 392 1134 452 quinis
1163 388 1517 453 quibuscumque
1550 388 1845 438 hebdomadis
1875 388 1965 458 sine

41 453 345 517 applicatione
362 489 378 509 ,
415 452 552 510 Festis
582 451 796 507 omnibus
828 455 1023 562 difflicis
1045 454 1191 511 claffis'
1218 454 1450 513 integrum
1489 454 1536 501 in
1560 453 1718 512 Choro
1751 451 1967 500 Officium
1989 497 2000 512 ,

36 517 223 581 ,psallere
239 551 253 565 .
290 516 378 565 His
396 527 550 563 tamen
583 515 798 571 oneribus
821 529 866 562 re
898 515 1018 574 ditus
1036 530 1129 564 non
1146 515 1451 574 respondent3
1481 520 1614 565 Certi
1633 531 1824 577 namque
1842 551 1856 570 ‚
1885 513 1968 559 der

41 580 178 635 duCtis
216 579 302 637 iis,
330 578 477 642 quiin
508 576 770 644 solutionem
790 592 976 626 onerum
1005 576 1353 637 Cameralium,
1385 579 1430 624 ἃ
1461 578 1506 636 in
1542 579 1969 645 compensationem

41 641 374 691 Sacrificiorum
394 656 473 703 pro
495 640 667 703 Populo
695 640 866 699 cedunt
887 675 900 695 ‚
941 639 1025 699 vix
1048 639 1262 686 summam
1279 639 1484 697 efficiunt
1522 641 1638 690 scut.
1655 647 1727 689 20.
1751 676 1765 695 ,
1800 644 1970 691 Incerti

44 721 150 756 vere
168 704 250 753 vix
265 704 511 760 menstruos
528 701 688 758 obulos
702 708 777 750 60.
799 735 814 754 ,
843 715 944 748 nam
960 715 1017 749 ex
1032 701 1335 764 antiquissima
1353 702 1677 760 consuetudine
1698 704 1878 764 nullam
1895 701 1972 747 Pa-

39 769 206 818 xochus
228 757 716 831 percipitfunerayiam
732 776 906 825 partem
928 792 945 810 .
974 761 1205 824 Redditus
1220 764 1335 813 certi
1354 766 1518 825 partim
1536 781 1593 821 ex
1611 768 1739 814 tenui
1759 767 1971 814 Praeben-

42 833 96 880 da
116 831 344 886 Parochiae
375 841 553 885 annexa
572 859 589 883 ‚
619 825 784 886 partim
805 841 860 874 ex
889 825 1075 885 decimis
1112 827 1426 888 proveniunt=
1468 829 1668 887 Decimae
1709 829 1972 892 pinguiores

42 893 185 949 estem
200 928 218 950 ,
255 894 285 941 fi
305 908 331 949 ³.
346 891 443 951 solQ
462 885 663 945 Parocho
694 888 803 936 colli
839 901 1026 937 crentur
1044 906 1060 942 3
1093 889 1164 937 sed
1180 891 1226 948 in
1262 890 1466 938 universa
1503 893 1721 949 Parochia'
1740 928 1754 946 ‚
1793 907 1890 953 quae
1926 889 1974 936 in

40 955 274 1019 Regiones
304 968 380 1009 45.
396 950 618 1008 dividitur
636 984 652 1004 ,
683 951 764 999 vix
819 963 974 1015 eptem
991 986 1005 1005 ,
1044 968 1193 1015 eaeque
1226 953 1464 1003 steriliores
1498 955 1731 1018 Regiones
1778 954 1975 1010 decimas¹

40 1019 186 1076 Priori
205 1016 440 1085 praestant:
471 1012 524 1060 In
542 1012 718 1061 caeteris
744 1013 1038 1080 Regionibus
1056 1021 1133 1063 eas
1157 1017 1388 1082 colligunt
1406 1017 1693 1068 Praebendati
1733 1015 1938 1066 Ecclesia:
1958 1048 1974 1067 .

38 1079 369 1145 aliique'exteri
405 1073 690 1132 Beneficiarii
706 1111 720 1130 ,
753 1092 869 1139 quos
888 1078 1007 1139 inter
1027 1078 1276 1141 Episcopus
1297 1080 1363 1139 est
1401 1080 1652 1131 Asculanus
1673 1095 1831 1131 contra
1865 1081 1977 1127 lite-

40 1148 359 1204 ram'apertam
377 1139 550 1188 Sistinae
569 1137 928 1202 Constitutionis
944 1177 959 1197 ,
1005 1156 1103 1204 quae
1126 1142 1217 1189 lata
1235 1141 1319 1190 fuit
1335 1158 1455 1193 anno
1496 1147 1623 1210 1587‚
1644 1145 1712 1203 lta
1745 1143 1977 1202 Parochus

40 1217 219 1263 tenetur
234 1221 372 1265 onera
387 1219 505 1252 curae
521 1202 642 1251 solus
662 1202 855 1264 implete
876 1239 893 1258 ,
923 1203 1006 1252 alii
1025 1219 1138 1252 vero
1154 1206 1350 1253 decimas
1369 1209 1593 1272 colligunt
1611 1241 1628 1266 ,

0 1267 44 1316 Jt
56 1267 252 1333 primum
272 1265 534 1327 Parochiam
552 1266 667 1313 hanc
684 1267 886 1315 obtinuit
908 1267 1178 1316 Vincentius
1195 1270 1508 1328 Ciccolinius','
1534 1270 1606 1323 his
1622 1272 1820 1333 cognitis
1836 1306 1850 1325 ,
1873 1281 1975 1330 pre-

39 1347 113 1379 ces
131 1330 306 1378 obtulit
327 1328 622 1389 Sacratiffimo
639 1328 836 1394 Principi
858 1330 1010 1379 nostro
1028 1365 1042 1385 ,
1076 1329 1304 1396 postulans
1323 1366 1337 1386 ,
1372 1346 1420 1380 ut
1441 1334 1767 1390 Decimatores
1784 1345 1943 1400 omnes
1959 1363 1975 1384 ι

40 1395 190 1457 quiin
210 1395 381 1451 ambitu
403 1390 635 1449 Parochiae
669 1391 770 1440 sunt
791 1428 806 1447 ‚
838 1395 916 1444 vel
947 1409 1083 1444 onera
1111 1394 1400 1452 Barochialia,
1423 1395 1567 1454 subire
1587 1398 1632 1444 in
1657 1400 1708 1446 iis
1744 1397 1978 1461 Regioni-

36 1456 122 1512 bus,
140 1494 152 1511 ,
190 1458 237 1513 in
256 1458 417 1524 quibus
434 1456 627 1504 decimas
646 1455 874 1518 colligunt
896 1493 912 1513 ,
930 1457 1005 1505 vel
1022 1456 1474 1520 congruamParocho
1493 1475 1547 1507 ex
1565 1461 1751 1511 decimis
1769 1459 1976 1524 supplere

41 1531 306 1577 tenerentur
324 1556 338 1576 ,
367 1521 408 1576 δι
427 1520 448 1576 J
456 1534 503 1567 us
523 1519 669 1577 eidem
687 1517 894 1578 Parocho
911 1519 1097 1569 daretur
1108 1522 1329 1584 tintegras
1345 1522 1536 1570 decimas
1552 1525 1798 1586 colligendi
1821 1544 1866 1573 in
1880 1519 1981 1567 Re·

39 1583 256 1647 gionibns
282 1582 458 1645 Qsfian'i’
472 1617 488 1636 ,
518 1597 615 1643 quae
632 1596 690 1628 ex
708 1581 803 1630 solo
821 1583 961 1632 musto
977 1601 1054 1634 eas
1074 1583 1254 1646 praestat
1279 1622 1289 1635 ,
1314 1585 1356 1640 δι,
1377 1595 1520 1633 Lacus
1538 1620 1551 1639 ,
1591 1604 1691 1650 qua>
1715 1591 1863 1645 nullas
1883 1603 1982 1651 per·

41 1646 183 1699 sol-vit
204 1682 213 1693 .
249 1645 373 1700 Data
390 1642 481 1703 fuit
498 1641 862 1693 Eminentiflimis
883 1647 1092 1705 Patribus,
1119 1647 1438 1711 postulationis
1480 1649 1612 1706 hujus
1650 1653 1855 1713 cognitio
1885 1690 1898 1708 ‚
1934 1655 1980 1701 &

36 1707 179 1765 auditi
198 1705 377 1767 fuerunt
393 1722 500 1755 cum
529 1706 781 1771 Episcopus
819 1710 998 1759 Montis
1028 1713 1166 1761 Alti'.
1209 1711 1258 1758 in
1275 1711 1400 1767 cujus
1418 1710 1622 1760 Dioecest
1655 1713 1981 1777 Castignanum

37 1769 100 1818 est
118 1804 133 1822 ,
161 1781 257 1817 tum
279 1768 517 1833 Episcopus
537 1768 792 1820 Asculanus
813 1809 824 1822 .
855 1772 942 1821 Ille
958 1790 1067 1829 vera
1088 1772 1174 1820 effe
1189 1773 1415 1833 respondit
1431 1777 1588 1822 omnia
1635 1778 1981 1839 quae‘Parochus

35 1832 238 1882 narravit
255 1834 299 1880 in
315 1833 529 1895 precibus
553 1868 566 1886 ,
602 1834 645 1889 ὃι,
664 1833 733 1888 his
757 1870 787 1890 „
817 1838 1039 1893 omnibus
1057 1836 1143 1892 rite
1163 1836 1424 1903 perpensis,
1453 1852 1539 1886 nec
1560 1854 1649 1886 non
1669 1841 1830 1888 addita
1851 1843 1983 1891 mise-

37 1931 69 1950 „
100 1911 151 1944 ra
168 1896 413 1944 admodum
431 1897 559 1956 illius
578 1895 784 1958 Ecclesia}
817 1898 1115 1962 suppellectili
1132 1934 1145 1952 ,
1195 1900 1239 1956 ὅς
1263 1896 1530 1962 'periculosa
1569 1905 1784 1959 Patrunr,
1817 1908 1862 1965 ὄρ
1899 1907 1982 1953 Fi-

35 1994 69 2016 „
103 1959 271 2016 liarum,
290 1993 304 2013 ,
329 1959 530 2018 Matrutn
550 1996 564 2014 ,
590 1963 631 2008 δι
654 1960 884 2017 Filiorum
904 1962 1220 2025 generationis
1241 1964 1471 2024 capacium
1491 1997 1504 2016 ‚
1537 1966 1581 2021 dt
1601 1966 1814 2024 Fratrum
1848 1970 1985 2020 soro--⁴

37 2057 70 2079 „
102 2038 295 2086 rumque
312 2024 543 2078 nubilium
562 2022 610 2072 in
630 2024 785 2071 eodem
801 2026 918 2073 lecto
932 2026 1217 2090 'paupertatis
1239 2025 1374 2085 causa
1392 2031 1637 2077 cubatione
1653 2065 1666 2082 ,
1685 2045 1786 2091 quae
1802 2032 2006 2094 quidem·

32 2119 73 2144 ‚,
105 2086 477 2140 inconvenientia
497 2122 512 2141 ,
553 2103 655 2135 cum
675 2102 850 2151 pauper
868 2088 918 2137 sit
940 2095 955 2144 ,'
987 2091 1029 2137 &
1051 2089 1147 2151 ipse
1163 2088 1317 2137 Pastor
1337 2123 1351 2142 ,
1384 2091 1550 2139 tollere
1567 2108 1758 2142 omnino
1788 2096 1947 2158 nequit
1965 2132 1981 2151 ,

35 2183 71 2206 „
101 2148 259 2205 justam
277 2148 363 2196 effe
392 2151 522 2197 ducit
539 2151 807 2212 petitionem
825 2152 883 2198 ab
900 2155 1097 2200 Oratore
1116 2153 1367 2214 porredtam
1387 2185 1418 2204 „
1438 2182 1454 2199 .
1483 2154 1733 2216 Episcopus
1774 2158 1982 2215 Ascula-

38 2227 121 2260 nus
141 2212 265 2259 haud
282 2212 347 2258 ita
371 2213 547 2274 pridem
565 2212 803 2261 defunctus
823 2214 910 2263 sese
933 2218 986 2262 ad
1010 2214 1216 2277 Episcopi
1236 2214 1418 2263 Montis
1446 2216 1555 2274 Alti
1576 2217 1833 2287 suffragium
1856 2234 1984 2279 retu-

38 2275 95 2322 lit
113 2309 127 2328 ,
156 2276 201 2334 &
221 2275 274 2321 ad
295 2277 393 2332 iura
411 2312 424 2330 ‚
456 2294 555 2340 qua:
571 2276 618 2333 in
652 2277 739 2332 hoc
755 2276 896 2326 Sacro
921 2278 1157 2327 Tribunali
1181 2280 1237 2325 ab
1268 2279 1372 2325 aliis
1390 2278 1770 2337 Decimatoribus
1805 2301 1981 2348 propo-

35 2349 236 2394 nentur.
266 2339 430 2395 Preces
463 2341 603 2388 etiam
630 2339 1001 2398 Eminentiffimis
1036 2342 1254 2397 Patribus
1282 2341 1558 2388 obtulerunt
1586 2343 1793 2403 homines
1831 2347 1982 2394 Casti-

36 2400 182 2464 gnani,
199 2402 356 2454 eadem
373 2437 388 2456 ,
417 2419 517 2464 qux
536 2403 762 2459 Parochus
780 2439 794 2456 ,
833 2405 1108 2465 postulantes
1129 2442 1140 2452 .
1170 2402 1323 2457 Causa
1339 2417 1459 2458 nunc
1481 2407 1752 2466 proponitur
1773 2445 1786 2462 ‚
1806 2413 1847 2458 δι
1867 2424 1981 2458 con-

37 2477 196 2524 gruam
213 2463 404 2525 postulat
420 2466 650 2522 Parochus
667 2501 681 2519 ,
709 2481 847 2527 quam
864 2466 944 2514 sibi
963 2469 1163 2516 debitam
1182 2466 1428 2522 contendit
1444 2481 1468 2512 a
1492 2468 1862 2526 Decimatoribus
1879 2487 1982 2520 om·

37 2525 170 2572 nibus
192 2558 208 2577 ‚
243 2528 361 2588 quod
380 2527 550 2583 stu-&us
570 2544 729 2577 omnes
747 2534 852 2589 Jure
887 2531 1067 2580 Divino
1101 2531 1163 2579 ob
1201 2531 1589 2586 Sacramentorum
1624 2535 1981 2589 administratio-

46 2603 152 2635 nem
171 2588 435 2651 hypotheca
471 2604 556 2650 pro
577 2605 770 2652 congrua
795 2592 881 2648 sint
916 2592 1064 2642 affecti
1085 2621 1100 2647 s
1135 2609 1269 2654 quam
1290 2594 1458 2648 toliere
1493 2594 1686 2648 voluisse
1705 2600 1982 2648 censendum

48 2665 139 2698 non
156 2649 219 2696 fit*
239 2650 440 2699 Summos
459 2650 698 2700 Pontifices
716 2687 729 2705 ,
761 2669 866 2702 cum
881 2655 958 2710 Jus
986 2657 1240 2713 decimandi
1262 2654 1317 2702 iis
1336 2654 1682 2713 concesserunt,
1717 2659 1749 2714 fi.
1770 2677 1877 2708 vere
1896 2662 1983 2709 hoc

42 2713 115 2769 Jus
146 2712 343 2760 habeant
374 2714 543 2762 Summi
560 2715 801 2764 Pontifices
836 2748 851 2764 .
878 2716 1138 2784 Congruam
1177 2719 1225 2765 in
1254 2719 1412 2766 annuis
1441 2718 1555 2767 scut.
1573 2732 1676 2769 200.
1695 2721 1980 2772 statuendum

42 2773 159 2830 essess
187 2791 331 2838 neque
352 2777 470 2824 hanc
495 2777 708 2832 summam
727 2779 993 2832 excessivam
1019 2782 1111 2830 dici
1131 2779 1255 2844 posse
1272 2796 1404 2833 ‚cum
1432 2784 1493 2829 ob
1512 2798 1748 2840 numerum
1782 2786 1941 2850 Populi
1966 2823 1981 2842 ,

42 2849 177 2901 atque
197 2839 369 2900 amplos
397 2839 626 2894 Parochiae
655 2841 828 2889 limites
850 2879 864 2897 ‚
894 2842 1014 2890 intra
1032 2859 1148 2906 quos>
1163 2844 1440 2899 Parochmni
1461 2844 1638 2907 sparsim
1658 2849 1825 2910 degunt
1842 2885 1855 2903 ,
1890 2864 1980 2905 tres

41 2899 198 2947 saltem
212 2900 474 2959 Sacerdotes,
498 2901 574 2949 fibi
593 2904 757 2958 debeat
774 2904 1018 2967 adjungere
1045 2942 1059 2962 ‚
1098 2923 1123 2954 a
1141 2910 1302 2970 quibus
1320 2908 1562 2964 adjuvetur
1579 2909 1625 2954 in
1659 2927 1767 2965 cura
1794 2915 1979 2962 Anima-

43 2975 143 3009 rum
161 2995 175 3011 .
208 2964 452 3027 quibusque
469 2965 639 3017 alendis
657 2967 739 3014 vix
764 2967 871 3022 satis
888 2968 973 3024 effe
994 2970 1154 3031 possint
1189 2970 1293 3018 scut.
1321 2986 1418 3019 too.
1439 2986 1589 3020 annua
1610 3008 1622 3026 ‚
1663 2975 1838 3037 'reliqua
1869 2995 1980 3026 vero

43 3023 152 3072 scut.
175 3039 273 3079 too.
293 3041 382 3088 pro
402 3028 477 3075 sua
497 3041 693 3091 congrua
711 3027 800 3076 ess'e
833 3031 1053 3082 debeant.
1080 3032 1194 3081 Haec
1234 3034 1485 3089 Parochus.
1519 3036 1569 3092 A
1600 3035 1980 3100 Decimatoribus

41 3087 160 3135 nihil
177 3087 411 3145 habuimus
430 3120 451 3145 .,,
483 3088 640 3141 Unum
657 3092 720 3149 est
734 3092 890 3143 Causae
908 3094 1061 3157 Caput
1083 3133 1095 3145 .

0 3158 63 3197 An
81 3184 97 3204 ,
131 3157 189 3200 (φ’
209 3168 235 3195 a
255 3151 421 3213 quibus
439 3186 454 3206 ,
481 3158 539 3203 ²&
558 3158 606 3206 in
624 3171 714 3218 qua
727 3157 903 3214 fimaema
911 3157 972 3215 sit
980 3160 1228 3222 supplenda
1246 3176 1444 3222 congrua
1464 3166 1630 3211 Priori
1655 3171 1816 3218 Curato
1836 3173 1978 3225 &Pes-‚2

44 3216 111 3261 tri
131 3213 384 3277 castignani
398 3219 523 3263 intra
533 3215 650 3281 fines
660 3220 751 3282 [ωε
769 3220 1014 3279 Parochiae
1032 3225 1080 3271 in
1111 3223 1214 3288 casu
1234 3229 1334 3279 &c-

104 3335 268 3385 Dilata
285 3373 299 3392 ,
331 3339 372 3386 δι
396 3338 618 3389 scribatur
641 3340 1018 3411 Episcopo-juxta
1048 3345 1375 3405 instructionem
1391 3385 1407 3406 .,

0 3462 85 3572 C
106 3459 487 3519 AMERACEN.
509 3465 920 3528 NULLtTATis
952 3471 1431 3528 PROFESSIQNlSz
1461 3472 1563 3522 Post
1579 3475 1764 3534 decem,
1801 3480 1844 3528 δι
1872 3484 1977 3538 octo

2057 3473 2160 3537 Seff.
2175 3483 2247 3533 ες.
2266 3488 2305 3521 c.
2323 3487 2393 3532 19.

120 3540 263 3572 annos
279 3542 306 3572 a
325 3527 396 3575 die
415 3527 631 3591 ingressus
663 3531 713 3586 in
729 3533 1050 3589 Monasterium
1070 3539 1123 3584 de
1140 3535 1321 3597 Bliquc‘i
1352 3536 1543 3589 Ordinis
1560 3540 1605 3586 ὁ.
1618 3539 1845 3600 Francisei
1859 3561 1980 3607 que·
2025 3541 2076 3588 de
2099 3537 2256 3601 Regul-

47 3585 192 3634 relam
212 3589 457 3657 ‘nullitatis
478 3592 564 3646 suae
598 3591 882 3652 Professionis
900 3597 966 3653 obs
984 3597 1078 3644 vim
1112 3608 1368 3660 metumque
1404 3614 1428 3644 2
1452 3598 1608 3657 Matre
1638 3602 1825 3660 illatum
1856 3623 1980 3657 anno

55 3661 184 3711 ¹75³·
207 3664 254 3697 in
274 3653 665 3718 Archiepiscopali
681 3658 823 3709 Curia
843 3657 1151 3711 Cameracensi
1169 3662 1404 3725 proposuit
1421 3663 1579 3714 Maria
1596 3666 1780 3726 Placide,
1801 3671 1981 3721 Hover.

1788 3734 1920 3790 land,
