2571 3961
196 237 206 247 .
531 234 542 244 .
975 233 988 241 .
1279 236 1291 249 .
1511 239 1521 252 .
1787 243 1798 253 .
1864 191 1891 242 ς

33 264 39 279 ⁴
107 244 360 306 gatiouem
403 233 733 290 Clerlcorum
771 231 1081 288 saecuiartum
1122 232 1361 285 Doffi'rmae
1394 237 1680 304 Chrestianae
1716 258 1892 300 unu-2,

109 310 389 359 Provinciae
416 307 651 357 Romanae
692 306 1128 372 Congregationis
1162 307 1533 359 Avenionenns
1561 309 1892 370 Clericorutn

108 376 629 442 Regulariumpariter
648 375 900 428 Doctrinae
917 375 1205 427 Christianae
1226 408 1242 430 ‚
1276 376 1321 428 8(
1365 380 1424 429 ab
1468 394 1528 430 ea
1547 380 1768 445 separare
1796 387 1892 438 Ec-

105 447 313 499 cleliam
344 486 361 510 ‚
401 449 449 498 ὅ(
478 446 709 497 Domum
731 445 954 511 Collegii
974 444 1095 495 Divi
1121 443 1282 495 Paulli
1309 447 1544 506 Reatini,
1575 446 1776 517 ejusque
1797 461 1891 505 bo..

109 531 171 568 na
194 555 208 576 ,
243 520 447 568 tributis
465 515 681 568 Ecclefia
706 553 721 577 ,
760 519 804 569 ὅ(
832 517 1008 568 Domo
1028 514 1115 579 piis
1147 514 1438 568 Puellarum
1461 518 1717 587 Magistris
1737 560 1754 586 ‚
1796 527 1893 576 bo-

111 589 188 638 nis
212 603 334 638 vero
349 585 599 638 attributis
622 584 846 636 Ecclefiae
871 583 1147 635 parochiali
1171 584 1218 633 S.
1242 585 1352 637 Rufi
1368 587 1574 640 Parrum
1600 591 1888 647 Ministran-

110 658 239 708 tium
269 658 482 707 infirmis
503 651 722 715 ejusdem
746 654 978 705 Civitatis
1000 653 1167 703 Reatis
1186 687 1200 709 ‚
1239 654 1390 706 iidem
1412 657 1577 709 Patres
1597 660 1894 716 Ministran-

108 740 183 779 tes
203 725 453 786 adjectum
491 725 763 774 Sacrorum
808 737 935 773 onus
972 722 1250 787 adimplere
1280 724 1612 790 neglexerunt
1636 764 1651 785 ‚
1689 733 1739 784 ὃ(
1776 748 1889 784 me.

107 810 304 850 tuentes
327 812 354 845 a
376 792 708 846 Rev.Fab1-ica
725 791 846 844 Divi
869 790 1001 843 Petri
1022 807 1139 843 cum
1157 807 1214 844 ea
1234 808 1326 856 pro
1345 798 1603 859 praeteritis
1632 797 1889 868 transege-

111 878 228 918 runt
259 903 274 918 .
313 865 370 915 ld
414 863 496 914 ubi
529 856 840 914 resciverunt
874 861 966 912 filii
1002 895 1017 918 ‚
1067 862 1116 913 &
1153 864 1787 934 haeredelehristophorb
1826 886 1891 922 ne

110 937 340 1000 deinceps
355 947 533 982 eorum
561 943 792 994 parentes
814 930 1163 985 fraudarentur
1186 929 1329 985 sacris
1351 931 1531 988 futuris
1551 976 1568 1002 ‚
1600 941 1660 990 ad
1682 944 1779 994 hoc
1803 942 1889 993 Sa-

111 1022 253 1059 crum
289 999 531 1056 Tribunal
566 998 946 1068 confugerunn
972 1013 1025 1052 ut
1059 1002 1486 1067 compellerentur
1522 1007 1693 1060 Patres
1733 1011 1908 1063 Mini-

111 1079 315 1127 strantes
342 1107 359 1134 ‚
395 1073 480 1134 qui
518 1072 649 1122 bona
691 1072 1092 1124 Data-mariarum
1123 1074 1408 1138 hypotheca
1451 1091 1544 1140 pro
1580 1075 1715 1131 hisce
1747 1078 1896 1134 {acris

109 1142 308 1209 agendis
346 1142 561 1193 obnoxia
598 1153 931 1207 acceperunt,
960 1157 1087 1192 onus
1122 1142 1371 1206 adjefium
1412 1142 1662 1212 implere.
1695 1150 1898 1203 Renue-

114 1214 233 1264 bant
250 1211 455 1270 PatreS,
492 1209 628 1276 quod
658 1209 853 1263 summa
886 1208 1136 1262 scut0200.
1167 1229 1193 1263 a
1215 1213 1574 1280 Christophoro
1614 1218 1810 1286 legata,
1847 1219 1897 1272 &

111 1283 175 1332 ab
193 1281 300 1346 ejus
319 1281 439 1334 filiis
458 1282 623 1332 soluta
643 1317 658 1344 ,
689 1297 715 1332 a
740 1279 966 1333 Patribus
986 1281 1306 1334 Doffirinariis
1326 1282 1537 1350 dispersa
1559 1284 1729 1341 fuiffet
1751 1324 1767 1349 ‚
1805 1305 1899 1342 ne-

115 1367 214 1417 que
234 1353 280 1403 in
300 1351 542 1418 praedium
564 1348 765 1414 aliquod
793 1385 806 1409 ‚
850 1351 899 1402 &
922 1347 1134 1402 fundum
1160 1353 1417 1418 implicata
1433 1357 1553 1407 effet
1572 1395 1588 1410 .

49 1421 273 1478 Auditus
296 1459 314 1487 ,
352 1434 406 1472 ut
425 1419 585 1472 moris
607 1423 707 1478 est,
746 1416 1012 1486 Episcopus
1035 1417 1135 1471 sese
1173 1424 1389 1487 praestitit
1421 1426 1469 1477 in
1500 1428 1593 1478 hac
1627 1427 1717 1479 lite
1739 1425 1900 1480 Ercis-

113 1489 342 1545 cundum
366 1526 381 1548 ‚
412 1489 526 1542 &in
549 1489 771 1541 mediam
809 1489 901 1541 ivit
944 1486 1277 1556 sententiam,
1314 1493 1523 1546 censens
1565 1515 1624 1549 ex
1661 1500 1896 1562 aequitate

82 1560 304 1625 [aliquid
332 1561 562 1613 Patribus
578 1560 978 1611 Ministrautibus
1002 1559 1248 1627 indulgeri
1290 1564 1424 1630 poffe
1445 1583 1551 1616 cum
1572 1582 1898 1636 exunaparte

114 1635 236 1683 bona
255 1663 271 1690 ,
303 1649 407 1698 quce
426 1633 490 1680 ad
502 1632 614 1696 ipsos
632 1646 691 1678 ex
714 1630 972 1691 pontificia
1009 1634 1273 1697 conceffione
1294 1632 1591 1693 transierant
1615 1672 1630 1696 ‚
1661 1657 1754 1688 non
1792 1658 1898 1690 ma-

110 1703 203 1763 gni
219 1703 396 1753 valoris
412 1701 739 1766 existimentur
756 1703 960 1764 Ecclestae
983 1733 996 1756 2
1034 1703 1095 1757 ό·
1117 1702 1260 1752 Domo
1288 1709 1381 1769 piis
1422 1706 1709 1758 Puellarum
1723 1708 1897 1774 Magi-

106 1770 220 1836 stris
238 1773 423 1822 donatis
442 1805 456 1828 ‚
488 1771 552 1826 ὠ·
572 1786 631 1821 ex
649 1773 747 1821 alia
757 1785 898 1838 parte
900 1772 1080 1835 solatio
1096 1773 1247 1838 legati
1258 1776 1468 1840 juridice
1482 1779 1795 1841 fafilaefuerit
1808 1792 1897 1844 per

113 1837 437 1908 Christophori
461 1841 666 1891 haeredes
686 1841 921 1893 Patribus
943 1841 1175 1891 Dofi't'rinae
1194 1843 1474 1910 Christianae
1495 1883 1509 1897 .
1543 1846 1664 1897 Haec
1696 1847 1899 1910 Epssco-

113 1924 205 1973 pus
228 1944 243 1968 ‚
279 1914 362 1977 qui
388 1923 560 1963 tamen
584 1928 687 1963 non
711 1912 924 1976 explicat
945 1945 958 1970 ,
993 1926 1057 1975 qu
1069 1912 1113 1961 id
1134 1912 1188 1963 fit
1207 1913 1330 1965 illud
1352 1919 1544 1983 aliquid
1561 1953 1577 1978 ‚
1628 1916 1764 1978 quod
1801 1917 1904 1968 Pa·-

115 1978 271 2031 tribus
307 1979 704 2034 Ministraut'ibus
741 1981 954 2033 lufirmis
991 1979 1359 2047 indulgendum
1395 1986 1492 2038 effe
1528 1982 1698 2036 censet
1735 2022 1750 2038 .
1793 1985 1903 2036 Du-

115 2048 256 2101 bium
278 2049 430 2118 igitur
446 2049 621 2103 datum
646 2049 742 2103 fuit
762 2087 777 2110 ,
819 2069 920 2118 quo
938 2057 1280 2116 quaerebatur,
1319 2070 1381 2107 an
1407 2055 1563 2107 iidem
1598 2055 1772 2106 Patres
1792 2053 1906 2105 Mi-

116 2121 377 2174 nistrantes
393 2121 637 2185 compelli
655 2122 893 2175 deberent
913 2124 972 2174 ad
992 2140 1118 2174 onus
1139 2120 1394 2177 sacrorum
1417 2124 1736 2189 implendum
1761 2142 1773 2176 ε
1810 2123 1907 2176 Sed

114 2186 303 2242 Patres
322 2191 456 2243 aliud
479 2191 707 2245 Dubium
733 2233 751 2257 ‚
792 2193 925 2258 quod
965 2192 1194 2250 inferiori
1232 2194 1352 2245 loco
1375 2190 1663 2246 subiicimus
1684 2232 1701 2257 ‚
1739 2192 1910 2259 dispu-

116 2261 215 2309 tari
237 2262 534 2314 voluerunt:
574 2262 864 2328 ignoramus
882 2277 1052 2315 tamen
1073 2279 1225 2325 quarn
1249 2263 1462 2328 gratiam
1487 2265 1756 2328 postulent,
1781 2282 1904 2318 curn

115 2329 347 2384 nondum
371 2333 511 2384 uobis
535 2330 738 2385 suorum
756 2332 952 2396 jurium
975 2332 1206 2385 libellum
1233 2334 1502 2384 dederint.
1544 2333 1780 2386 Haeredes
1807 2350 1910 2386 ve-

116 2414 178 2450 ro
197 2402 541 2468 Christophori
560 2405 808 2469 disputant
832 2403 956 2456 nulli
980 2401 1254 2455 redufftioni
1281 2404 1453 2454 locum
1474 2403 1568 2452 effe
1588 2403 1718 2464 poste
1743 2442 1759 2467 ,
1783 2420 1905 2456 cum

118 2485 228 2521 earn
249 2473 486 2525 Testator
506 2475 718 2539 expreffe
737 2475 992 2526 vetuerit:
1033 2472 1222 2523 'seueri
1262 2475 1431 2525 Patres
1466 2473 1807 2524 Ministrautes
1830 2474 1913 2523 in-

118 2538 284 2591 firmis
303 2555 432 2592 onus
453 2539 709 2595 {actorum
737 2544 952 2608 implere
973 2583 988 2607 ‚
1026 2546 1135 2607 quia
1155 2540 1520 2594 Sacratiffimus
1541 2541 1775 2606 Princeps
1815 2545 1910 2593 bo-

117 2623 180 2659 na
211 2607 322 2671 imis
344 2609 575 2664 tribuerit
593 2617 684 2666 hac
707 2614 819 2678 lege
840 2636 880 2654 --
925 2615 1150 2667 Volumus
1184 2629 1341 2665 autem
1360 2648 1373 2669 ‚
1411 2629 1465 2663 uc
1487 2614 1570 2678 ipst
1589 2615 1772 2665 Clerici
1799 2612 1910 2663 Re-

119 2683 316 2745 gulares
335 2684 673 2748 [ministrantes
693 2685 902 2746 infirmis
919 2688 1020 2741 &a
1039 2688 1192 2734 omnia
1220 2721 1231 2743 ,
1273 2686 1334 2737 (ξ’
1347 2684 1534 2749 singula
1547 2687 1770 2748 praediffa
1793 2720 1806 2742 ‚
1845 2688 1911 2739 ὢν

122 2751 252 2812 alia,
276 2754 322 2816 st
347 2756 582 2818 quaestnt‚
618 2771 756 2804 onera
773 2757 986 2822 praefatis
1026 2758 1162 2804 bonis
1197 2769 1416 2810 annexa,
1456 2770 1654 2819 quorum
1699 2759 1908 2807 omnium

126 2822 554 2886 implementumvd
564 2827 706 2891 ipsam
731 2824 1056 2875 parochialem
1077 2827 1323 2889 Ecclesiam
1346 2825 1691 2887 transferimus
1712 2859 1725 2880 ‚
1749 2827 1908 2890 plene,

121 2891 392 2959 &integre
410 2929 424 2950 ‚
458 2897 521 2949 ὠ·
542 2897 952 2962 omnimode'jaxta
975 2896 1336 2958 Benefat'iorum
1353 2931 1369 2956 ‚
1408 2896 1470 2949 ό·
1518 2892 1805 2959 Testatorum
1827 2897 1911 2944 ul-

125 2965 268 3008 timas
283 2967 556 3017 voluntates
576 3001 590 3020 ‚
626 2967 849 3030 aliasque
856 2966 965 3032 pias
984 2966 1314 3030 dispofitiones‚
1343 2962 1630 3030 supportare
1674 3002 1690 3026 ‚
1721 2966 1784 3019 (θ’
1830 2967 1916 3014 ad-

125 3028 319 3093 implere
337 3039 514 3094 omnino
533 3049 781 3085 teneantur
803 3071 818 3084 .
868 3035 1089 3099 Ideoque
1110 3070 1123 3092 ‚
1158 3035 1190 3084 fi
1235 3034 1344 3097 ipsis
1384 3030 1610 3095 placuit,
1646 3037 1776 3084 bona
1806 3035 1911 3084 Do-

127 3099 459 3154 E‘t'rinarioram
489 3105 711 3169 haclege
736 3104 959 3169 recipere
979 3139 993 3160 ‚
1033 3119 1160 3155 onus
1201 3102 1413 3166 implere
1452 3114 1719 3154 teneantur
1751 3103 1913 3154 etiam

121 3164 158 3215 fi
182 3162 429 3225 summam
461 3171 603 3224 illam
622 3172 868 3225 s'cut.200.
886 3175 1102 3239 legatam
1143 3190 1240 3224 uon
1276 3174 1569 3236 acceperint
1610 3173 1914 3223 aDofirina·

126 3240 257 3292 riis,
291 3256 410 3305 cum
446 3239 560 3292 satis
605 3244 664 3293 fit
704 3246 870 3301 bona,
908 3259 1013 3308 quae
1046 3255 1383 3307 receperunt,
1426 3245 1729 3308 hypotheca:
1770 3245 1916 3300 hujus

132 3308 308 3357 oneris
329 3310 638 3374 adimplendi
664 3314 760 3362 effe
781 3312 999 3364 obnoxia
1019 3349 1032 3362 .
1051 3311 1319 3374 Dubium,
1335 3312 1471 3377 quod
1488 3326 1580 3375 pro
1591 3309 1882 3377 ponitur,est
1898 3343 1917 3362 .

67 3373 155 3424 'Aa
167 3376 231 3440 fic
248 3382 582 3444 consulendum
601 3384 879 3449 Sanfiiiffimo
889 3397 975 3451 pro
990 3385 1160 3451 gratia
1175 3389 1231 3434 in
1250 3384 1359 3449 casu
1384 3384 1491 3436 &00
1515 3417 1517 3420 ·

195 3513 452 3584 Negative
468 3560 488 3593 2
527 3523 577 3578 &
600 3519 820 3587 amplius
838 3555 857 3574 .

1746 3656 1924 3714 NUL-
