2571 3961
23 190 50 214 0
1830 208 1856 240 2
1870 210 1889 227 ,

59 257 247 312 Par-atis
268 257 427 320 itaque
450 253 686 306 omnibus
708 287 722 311 ,
756 251 921 305 voluit
942 252 1086 305 Pater
1106 288 1118 310 ‚
1156 263 1206 305 ut
1225 252 1501 305 Therelius
1523 252 1625 317 ipio
1656 229 1896 321 praesent}

128 328 443 383 tonderetur,
467 327 515 376 &
539 323 744 374 Ordinis
766 323 931 375 Vestes
950 319 1218 386 susciperet
1237 323 1286 374 in
1309 323 1539 390 Lycienfi
1559 324 1893 387 Monasterio,

123 398 242 449 licet
265 396 396 446 ineo
430 395 617 446 domus
654 392 964 455 probationis
982 407 1081 444 non
1101 394 1219 445 esset
1242 427 1256 451 ‚
1293 392 1377 444 sed
1397 406 1668 458 antequam
1691 398 1738 446 in
1779 413 1892 450 eam

122 476 356 534 pergeret
374 462 640 516 Therefius
659 475 776 512 cum
799 462 1050 513 Fratribus
1074 493 1092 521 ‚
1106 461 1152 513 ὅ(
1172 462 1347 515 amicis
1362 463 1424 514 de
1440 465 1488 526 vi
1506 476 1766 529 metuque,
1785 483 1899 531 quae.

122 534 532 589 Paterinti.1lerat
555 568 573 596 ‚
607 529 653 581 &
677 526 919 583 inferebat
935 568 967 605 ,⁶
987 534 1196 595 quaestus
1236 535 1330 590 est,
1351 529 1555 598 ipsoque
1577 537 1892 598 probationis

122 618 361 670 tempore
380 605 620 655 morbum
637 597 873 651 simulans
889 599 1151 664 epistolam
1187 600 1329 652 dedit
1348 600 1411 654 ad
1434 602 1640 653 Patrem
1666 640 1682 662 ‚
1715 621 1808 669 qua
1831 605 1895 656 fi-

123 674 391 744 gnificabat
409 670 456 722 in
471 668 670 725 Ordine
687 682 978 732 permanere
1000 684 1097 719 non
1121 669 1252 734 poffe
1270 701 1287 725 ,
1304 671 1386 721 sed
1404 669 1722 726 duriffimum
1746 692 1772 726 a
1793 675 1893 726 Pa-

123 759 217 799 tre
237 735 524 807 responsum
545 773 560 797 ‚
601 739 671 814 &·
689 736 942 790 minarum
976 736 1186 801 plenum
1223 741 1455 806 accepit3
1497 740 1676 794 Novas
1717 755 1890 797 tamen

122 811 392 870 Therefius
414 810 474 862 ad
499 823 617 860 eum
634 805 807 858 literas
830 805 973 859 dedit
1005 822 1212 863 exorans
1228 845 1248 873 ,
1281 824 1344 862 ne
1360 827 1481 863 cum
1503 811 1693 865 invitus
1736 809 1893 866 sacras

121 887 274 939 vestes
292 879 564 943 suscepiffet
587 908 602 934 ,
616 877 935 930 occafionem
953 876 1000 927 ei
1020 880 1262 943 praeberet
1275 895 1355 934 eas
1375 881 1711 947 prophanandi
1742 896 1754 932 :
1773 899 1890 934 om-

121 954 205 1008 nia
219 963 390 1005 tamen
412 949 461 997 in
499 944 703 1000 irritum
741 947 1020 999 cesserunt.
1056 945 1423 1004 Profeffionem
1458 949 1612 1017 igitur
1642 952 1887 1003 emittere

121 1018 323 1079 debuit,
343 1016 518 1069 animo
540 1051 555 1075 ‚
593 1028 645 1068 ut
682 1013 780 1083 ipse
798 1020 868 1068 ait
885 1049 901 1075 ‚
936 1016 1244 1071 reclamandi
1264 1022 1349 1073 ubi
1368 1033 1539 1073 metus
1557 1023 1696 1074 causa
1716 1019 1892 1073 cessas·

118 1087 220 1144 se't.
260 1087 370 1140 Post
391 1087 618 1138 emissam
639 1083 1002 1139 Profeffionem
1029 1087 1205 1142 incidit
1224 1089 1372 1146 Pater
1407 1091 1457 1143 in
1495 1090 1721 1155 epistolas
1741 1090 1847 1143 suas
1867 1128 1888 1154 ‚

117 1175 235 1225 quas
258 1154 389 1209 filius
409 1149 636 1211 servabat
658 1195 674 1222 ,
696 1168 748 1209 ut
771 1167 968 1208 metum
988 1155 1188 1211 illatum
1212 1162 1452 1225 probaret
1476 1195 1490 1220 ‚
1527 1157 1703 1226 easque
1726 1163 1890 1213 abstu-

115 1229 178 1282 lit
198 1266 214 1292 ,
238 1226 538 1281 &laceravit
560 1260 575 1284 ‚
609 1237 692 1278 aut
710 1221 1019 1283 combuffit3
1050 1243 1212 1292 neque
1235 1239 1405 1282 tamen
1426 1225 1717 1282 defecerunt
1738 1231 1886 1284 The-

115 1297 244 1351 refio
264 1295 578 1362 probationes
602 1293 730 1349 illati
754 1306 922 1348 metus
942 1311 1002 1347 ex
1020 1297 1452 1356 testificationibus
1474 1303 1761 1354 amicorum
1784 1336 1799 1357 ‚
1834 1299 1888 1350 ὃς

116 1367 300 1422 Fratris
321 1402 335 1426 ‚
353 1367 533 1433 quibus
548 1364 783 1419 animum
802 1362 945 1418 suum
962 1372 1221 1430 aperuerat
1242 1386 1256 1422 :
1283 1383 1445 1434 neque
1470 1371 1574 1436 post
1608 1366 1884 1421 Profeffio-

117 1453 237 1491 nem
258 1435 346 1489 fibi
365 1431 523 1489 defuit
539 1434 803 1489 Therefius
824 1435 1054 1500 querelas
1073 1436 1136 1489 de
1157 1437 1204 1490 vi
1229 1473 1244 1498 ‚
1282 1437 1329 1491 8<
1349 1448 1493 1491 metu
1515 1450 1763 1505 perpetuo
1777 1437 1890 1492 fun-

83 1539 87 1549 ·
119 1507 242 1560 dens
261 1541 276 1566 ‚
294 1506 454 1558 donec
473 1503 625 1558 Pater
641 1507 741 1557 sera
761 1505 880 1558 licet
904 1505 1194 1571 poenitentia
1209 1507 1400 1567 duetus,
1424 1510 1630 1562 veniam
1655 1508 1706 1562 ei
1724 1507 1889 1574 dedit,

121 1588 176 1628 ut
198 1573 562 1630 Profeffionem
583 1575 778 1628 nullam
813 1575 1044 1641 diceret,
1075 1576 1122 1629 8<
1159 1578 1527 1644 obligationem
1568 1578 1781 1644 publicis
1809 1589 1888 1630 ta-

118 1647 249 1702 bulis
267 1646 434 1699 emifit
451 1643 811 1711 patrimonium
830 1642 1024 1699 sacrum
1042 1647 1087 1698 ei
1107 1648 1433 1700 constituendi
1454 1686 1473 1712 ,
1508 1647 1543 1698 fi
1560 1647 1697 1700 nulla
1714 1647 1890 1700 decla·-

116 1727 221 1769 rata
241 1716 358 1767 esset
376 1709 619 1768 Profeffio
636 1748 651 1764 .
667 1716 780 1781 Egit
800 1713 962 1781 itaque
979 1715 1093 1768 Pat.
1109 1716 1379 1769 Therefius
1402 1736 1416 1771 ε
1450 1717 1744 1784 ΕρίΓσορυς,
1759 1733 1890 1770 con-

114 1783 252 1840 seeto
271 1785 499 1851 proceffu
519 1818 534 1843 ‚
568 1799 687 1836 eum
709 1784 874 1837 emisit
889 1784 950 1836 ad
986 1784 1423 1841 Eminentiffimos
1443 1787 1616 1840 Patres
1636 1785 1887 1840 abstinent

118 1873 146 1910 a
166 1856 411 1909 {ententia
433 1851 638 1907 ferenda
653 1890 668 1906 .
684 1852 847 1907 Causa
870 1871 1004 1909 nunc
1024 1858 1320 1921 proponitur
1339 1892 1355 1918 ‚
1389 1863 1441 1910 ὅ(
1460 1873 1519 1910 ex
1542 1854 1673 1910 fafto
1695 1891 1711 1916 ,
1745 1854 1887 1921 quod

119 1926 442 1979 narravimus
458 1959 473 1984 ‚
503 1923 699 1978 nullam
720 1923 817 1977 effe
834 1923 1203 1979 Profeffionem
1221 1926 1361 1980 luam
1379 1925 1590 1993 disputat
1613 1927 1725 1978 Par.
1740 1926 1888 1979 The·-

121 1995 275 2049 refius
294 2031 308 2056 ,
328 1997 378 2048 δε
400 2010 507 2059 quae
525 2006 702 2047 contra
720 1996 926 2060 proponi
950 1998 1144 2061 possunt
1161 2007 1463 2064 argumenta
1487 1996 1710 2048 diffoluit
1726 2031 1742 2057 ‚
1764 1995 1883 2060 reji-

120 2068 289 2130 citque
311 2065 544 2131 precipue
576 2076 792 2130 quatuor
821 2068 963 2118 testes
980 2069 1042 2119 ab
1078 2065 1275 2119 Ordine
1308 2065 1568 2120 induFtos.
1604 2065 1788 2132 Neque
1824 2066 1889 2117 ab

120 2134 358 2257 ἓτεῑίηεῆ,
399 2149 565 2202 neque
586 2150 615 2186 a
633 2135 890 2202 Defensore
907 2137 1196 2203 Profeffionis
1211 2135 1402 2204 aliquid
1436 2137 1702 2191 habuimus
1722 2169 1738 2189 .
1768 2135 1888 2190 Du·

162 2223 265 2258 ium
285 2221 312 2257 e
373 2240 390 2257 .

58 2274 149 2327 An
164 2275 333 2344 constet
350 2277 405 2328 de
418 2276 651 2330 nullitate
668 2271 959 2341 Prqfeffionis
982 2280 1037 2332 in
1054 2277 1164 2344 cqfu
1191 2276 1301 2334 (wc.

193 2481 369 2536 Dilata
389 2481 454 2535 ad
473 2483 765 2552 sequentem
785 2517 804 2534 .

195 2893 617 2954 VENIONEN.;
647 2893 775 2949 SEU
796 2893 1178 2953 AURIACEN.
1214 2892 1680 2949 MATRIMONII
1708 2893 1903 2948 :Dum
1936 2897 2029 2953 sess.
2044 2912 2110 2951 24.
2123 2904 2213 2942 em

159 2968 163 2972 ”
212 2964 263 3016 in
279 2966 514 3033 ‚Sacrario
527 2965 830 3019 Parochialis
844 3000 860 3026 ‚
890 2966 938 3020 &
954 2964 1253 3033 Collegiatae
1275 2966 1502 3019 Ecclefiae
1522 2963 1712 3031 Oppidi
1752 2967 1888 3016 Ban-
1934 2954 1983 2994 αθ
1993 2954 2066 3011 '‘fi-
2076 2955 2208 3001 ΜΨ·

127 3051 225 3087 mes
237 3026 385 3090 {acris
404 3035 618 3090 vestibus
652 3034 953 3089 induebatur
990 3035 1240 3089 Parochus
1251 3036 1464 3092 loannes
1502 3034 1710 3100 Baptista
1750 3033 1888 3087 Bon·-

128 3103 254 3156 nard
268 3138 287 3164 ‚
318 3100 585 3159 sacrarium
604 3102 767 3171 ipsum
801 3106 969 3171 primo
1006 3105 1249 3174 ingressus
1278 3104 1454 3171 loseph
1486 3104 1691 3171 Vernay
1712 3140 1729 3165 ,
1764 3105 1884 3157 inde

123 3172 309 3227 Blanca
328 3173 524 3229 Dumas
538 3173 599 3228 ad
618 3175 720 3240 ejus
737 3176 887 3242 pedes
903 3192 1062 3243 genua
1080 3174 1333 3229 flexerunt
1355 3193 1373 3234 ;
1408 3174 1507 3227 Ubi
1527 3189 1613 3226 eos
1634 3176 1704 3227 ita
1719 3171 1886 3238 inspe-

123 3244 195 3296 xit
209 3244 468 3297 Parochus
486 3240 754 3310 suspicatus
772 3245 1164 3300 matrimonium
1186 3249 1488 3300 contrahere
1508 3242 1644 3296 velle
1662 3278 1677 3302 ,
1696 3243 1886 3296 clama-

123 3325 179 3365 re
197 3314 334 3381 cepit
352 3312 479 3367 nihil
497 3313 734 3368 audiviffe
756 3350 772 3377 ‚
806 3312 1114 3384 occultisque
1150 3317 1347 3370 auribus
1368 3331 1397 3369 e
1411 3311 1625 3367 sacrario
1643 3312 1694 3363 in
1713 3313 1885 3378 proxi-

121 3398 270 3438 mum
287 3383 521 3439 Chorum
539 3381 752 3450 dilapsus
766 3387 835 3438 est
852 3420 867 3445 ‚
883 3381 1052 3441 frustra
1068 3385 1218 3439 illum
1235 3389 1485 3446 retinente
1507 3379 1722 3449 losepho
1740 3417 1757 3440 ‚
1795 3382 1883 3448 qui

125 3450 320 3508 Albam
335 3453 757 3522 apprehenderat,
790 3454 839 3509 8(
853 3457 1068 3524 egr-effus
1085 3456 1137 3509 in
1156 3455 1384 3510 Chorum
1404 3453 1513 3507 vim
1532 3453 1621 3505 fibi
1643 3453 1753 3506 fieri
1775 3452 1883 3506 cla·

128 3537 273 3579 mans
288 3522 610 3594 Braepofitum
631 3562 650 3592 ,
663 3523 711 3579 ἃ
728 3520 1012 3583 Canonicos
1023 3526 1272 3590 ⁴excitavit
1287 3560 1304 3589 ‚
1323 3520 1444 3594 qui,
1461 3524 1513 3580 ὃ(
1538 3522 1626 3590 ipfi
1644 3560 1664 3589 ,
1680 3521 1883 3577 clamo-

1830 3604 1889 3642 re
