2571 3961
182 205 647 272 ALERNITANA,
665 206 1166 259 CANONICATUS
1199 205 1792 258 POENITENTIARH:
1829 210 1905 264 Ius
1931 163 2130 274 eligengdi
2202 220 2321 275 sess.
2341 225 2413 282 24.
2433 232 2468 262 c.
2491 208 2539 256 8.

95 222 163 330 S
182 278 458 328 Canonicos
474 311 488 330 ,
527 274 569 321 ὅ(
594 273 856 322 conferendi
879 272 1183 321 Canonicales
1202 273 1461 320 Prtebendas
1483 274 1528 317 in
1567 274 1641 319 sua
1677 273 1869 319 Ecclesia
1906 288 2129 323 vac-antes
2169 283 2221 327 de
2239 284 2332 343 Ref,

157 345 212 390 in
227 339 453 389 mensibus
475 337 760 398 Apostolicae
802 338 904 384 Sedi
943 336 1183 384 reservatis
1216 336 1274 380 ab
1307 335 1662 382 immemorabili
1696 348 1903 399 tempore
1920 339 1982 385 est
2015 342 2130 400 apud

157 403 425 455 Canonicos
441 435 455 454 ,
515 400 816 461 Presbyteros
845 402 1109 452 dumtaxat,
1141 398 1518 456 Metropolitanae
1558 399 1762 446 Ecclesia>
1798 401 1974 448 Salerni
1994 438 2004 448 .
2055 405 2098 448 A
2116 413 2134 448 t

200 468 401 529 ostquam
419 463 691 511 Tridentini
710 464 903 511 decretis
927 475 1111 510 cautum
1134 462 1222 507 fuit
1243 494 1256 512 ,
1291 459 1404 506 utin
1441 462 1653 508 omnibus
1688 461 2037 512 Cathedralibus
2071 479 2130 511 ex

161 485 419 579 ssraebendis
434 527 580 584 primo
596 527 823 574 vacaturis
842 527 990 572 altera
1012 524 1190 571 LeClori
1226 524 1371 570 Sacrae
1407 523 1643 585 Scriptura:
1667 557 1682 576 ,
1714 527 1855 571 altera
1889 527 2129 574 Poeniten-

163 591 308 640 tiario
329 587 615 634 conferretur
639 624 650 640 ,
684 587 986 636 controversia
1004 600 1106 635 orta
1125 586 1215 633 fuit
1241 586 1363 632 inter
1376 584 1642 645 Capitulum
1665 621 1679 639 ‚
1708 592 1750 635 dc
1769 600 1875 635 tunc
1904 593 2125 646 temporis

167 646 585 711 Archiepiscopum
602 649 660 695 de
681 651 905 697 erectione
922 684 936 703 ‚
971 652 1012 696 δι
1031 650 1280 697 collatione
1316 649 1550 708 utriusque
1573 650 1820 698 praebenda:
1842 684 1855 698 .
1893 653 1967 700 Ad
2002 655 2123 699 lianc

168 710 466 766 dirimendam
484 712 829 759 controversiam
854 713 1085 759 Sententia
1102 712 1222 759 Sacri
1251 710 1382 765 hujus
1411 710 1681 759 Tribunalis
1714 715 1825 761 dats:
1857 713 2038 763 fuerunt
2071 718 2125 762 ad

170 772 574 839 Archiepiscopum
593 773 735 832 literae
753 810 766 827 ,
799 787 848 821 ut
866 778 1050 822 alteram
1068 791 1121 820 ex
1140 786 1334 835 quatuor
1368 775 1702 822 conditionibus
1727 812 1740 829 ,
1773 793 1884 840 quas
1924 780 2125 842 Capitu-

171 846 263 892 lum
277 833 636 897 Archiepiscopo
655 838 882 884 obtulerat
903 873 915 890 ,
946 839 992 884 δι
1024 837 1268 898 praesertim
1294 852 1353 883 ex
1391 836 1566 885 duabus
1603 838 1836 898 postremis
1869 845 2126 902 acciperet,

171 915 303 966 atque
328 899 393 948 ita
412 914 511 947 rem
526 911 809 960 componeret
831 936 841 947 .
876 900 1263 961 Archiepiscopus
1276 914 1381 946 eam.
1398 899 1561 962 selegit
1582 935 1595 953 ,
1615 917 1700 962 qua
1721 901 1993 963 Capitulum
2009 922 2122 967 pro-

167 964 377 1015 mittebat⁴
394 962 481 1008 sese
499 964 744 1022 quotannis
766 963 1014 1011 soluturum
1035 964 1209 1010 Lectori
1227 994 1239 1014 ,
1274 977 1327 1009 ac
1347 963 1698 1011 Poenitentiario
1713 965 1902 1012 ducatos
1937 982 2122 1016 centum

165 1043 223 1088 eit
236 1024 489 1074 redditibus
508 1023 678 1081 Mensae
697 1023 982 1085 Capitularis
1002 1063 1010 1073 ,
1047 1029 1189 1073 Anno
1209 1025 1349 1088 igitur
1371 1034 1502 1085 1565.
1533 1028 1839 1074 controversia
1858 1031 2120 1078 transassio-

161 1106 220 1140 ne
237 1089 381 1148 sopita
395 1088 486 1135 fuit
503 1122 517 1140 ,
538 1102 674 1148 quam
692 1103 814 1135 anno
832 1090 1037 1153 sequenti
1057 1088 1300 1135 Pontificia
1320 1089 1601 1137 authoritate
1623 1090 1916 1151 confirmavit
1934 1096 2117 1141 Sanctus

158 1153 266 1211 ¹Pius
281 1152 340 1200 V.
361 1185 376 1204 ,
411 1151 572 1213 &qua
605 1149 897 1213 Capitulares
930 1187 961 1206 „
989 1152 1356 1203 constituerunt,
1390 1152 1687 1205 ordinarunt,
1724 1155 1764 1200 δι
1795 1153 1995 1202 fecerunt
2029 1173 2117 1204 an-

158 1245 196 1272 ,2
224 1222 364 1262 nuum
387 1213 655 1279 stipendium
671 1226 941 1278 perpetuum
957 1216 1231 1263 ducatorum
1253 1226 1434 1262 centum
1451 1215 1510 1261 de
1528 1214 1770 1262 Carolenis
1785 1219 2003 1279 argenteis
2022 1231 2115 1267 tam

155 1313 189 1335 ,‚
222 1278 495 1340 Theologo'³
518 1291 656 1339 quam
689 1278 1041 1333 Poenitentiario
1069 1277 1388 1325 solvendorum
1427 1279 1553 1339 super
1571 1278 1781 1327 omnibus
1806 1315 1820 1334 ,
1855 1283 1897 1329 ἃ
1933 1280 2117 1346 singulis

156 1377 190 1398 ‚,
227 1341 362 1388 Bonis
380 1342 464 1388 dte.
481 1340 699 1388 Fratariae
719 1376 731 1394 ,
761 1343 802 1387 &
822 1340 990 1388 Mensae
1007 1340 1293 1401 Capitularis
1308 1373 1322 1387 .

93 1406 297 1455 Vae-avit
316 1418 433 1451 anno
448 1402 906 1451 1608.Canonicalis-
935 1404 1201 1450 Praebenda.
1241 1405 1282 1451 ὅ(
1315 1406 1394 1468 qui
1428 1416 1534 1453 tunc
1572 1405 1776 1455 Ecclesice
1810 1407 2108 1461 Salernitana:

154 1479 345 1530 praeerat
364 1466 752 1529 Archiepiscopus
772 1503 786 1520 ‚
826 1466 992 1524 jactans
1007 1465 1203 1513 habuisse
1222 1469 1489 1516 facultatem
1507 1485 1531 1515 a
1549 1469 1734 1516 Summo
1752 1471 1976 1519 Pontifice
1996 1474 2114 1522 Pau-

152 1533 203 1579 lo
220 1531 282 1577 V.
300 1530 587 1578 Praebendam
606 1540 840 1577 vacantem
860 1529 907 1577 in
936 1529 1312 1592 Penitentiariam
1330 1535 1510 1586 erexit,
1542 1532 1836 1595 servavitque
1847 1533 1924 1582 sibi
1943 1571 1956 1590 ,
1993 1537 2109 1585 suis·-

151 1610 247 1657 que
261 1590 594 1641 Suceess'oribus
614 1591 682 1646 jus
699 1609 798 1645 eam
818 1591 1078 1640 conferendi
1095 1592 1235 1639 etiam
1252 1594 1299 1639 in
1317 1594 1537 1642 mensibus
1568 1595 1671 1641 Sedi
1709 1597 1995 1655 Apostolicae
2035 1615 2110 1648 re-

149 1655 374 1705 servatis.
403 1651 680 1718 Capitulum
709 1667 866 1704 tamen
886 1691 900 1709 ,
937 1669 988 1702 ut
1017 1656 1109 1711 iura
1130 1656 1204 1702 sua
1239 1656 1355 1704 sarta
1390 1658 1509 1703 tedia
1533 1657 1737 1706 servaret>
1761 1689 1774 1707 ‚
1807 1662 2107 1712 monitorium

150 1734 305 1768 eoram
327 1721 388 1765 A.
403 1716 458 1765 C.
479 1717 715 1778 expedivit-
729 1734 817 1781 pro
842 1718 1170 1767 observatione
1194 1755 1208 1772 ,
1237 1720 1608 1780 &exequutione
1648 1720 1957 1770 transaCtionis
1977 1726 2109 1775 initce

149 1798 270 1831 anno
289 1790 419 1837 1565.
441 1814 456 1832 ,
471 1781 517 1828 &-
533 1797 556 1827 a
575 1781 732 1827 Sancto
751 1783 833 1828 Pio
852 1782 910 1828 V.-
930 1779 1243 1832 confirmatae3
1277 1797 1424 1844 neque
1439 1793 1599 1829 tamen
1618 1783 1769 1831 Causa
1784 1786 1876 1831 acta
1894 1786 1955 1833 est
1975 1822 1985 1832 .
2009 1789 2106 1836 Post

147 1847 265 1892 hanc
296 1846 566 1892 erectionem
600 1844 843 1892 electiones
874 1843 1210 1891 Canonicorum
1237 1843 1708 1905 Penitentiariorum‚
1751 1849 1794 1894 ‹Sc
1832 1849 2105 1900 collationes

145 1923 306 1958 nunca
321 1908 539 1970 Capitulo
559 1942 572 1959 ,
587 1920 706 1954 nunc
723 1907 782 1954 ab
802 1905 1176 1968 Archiepiscopis
1200 1908 1319 1955 factae
1339 1906 1522 1955 fuerunt
1545 1925 1563 1959 3
1583 1912 1717 1955 Anno
1735 1908 1949 1971 siquidem
1974 1923 2101 1963 1612,

144 1971 440 2033 aCVapitulo,
475 1985 592 2017 anno
611 1972 815 2031 1639.ab
848 1968 1212 2031 Archiepiscopo
1231 2005 1243 2022 ,
1279 1985 1399 2018 anno
1422 1979 1557 2025 1656.
1595 1972 1744 2019 rursus
1784 1989 1808 2018 a
1828 1974 2056 2038 Capitulo
2074 2013 2104 2031 .,

141 2050 263 2083 anno
276 2036 406 2098 1657.
421 2072 435 2090 ,
475 2033 664 2082 &1666
684 2033 831 2082 rursus
850 2033 903 2079 ab
923 2033 1283 2094 Archiepiscopo
1300 2034 1572 2081 collationes
1592 2034 1717 2082 factae
1754 2035 1939 2085 fuerunt
1957 2076 1971 2093 ,
2010 2040 2103 2088 do-

138 2113 228 2146 nec
246 2112 364 2144 anno
391 2097 518 2156 1678.
538 2113 606 2145 res
621 2097 674 2145 ad
695 2097 926 2152 judicium
941 2096 1091 2144 delata
1111 2096 1198 2143 fuit
1218 2132 1230 2149 ,
1259 2109 1359 2143 orta
1375 2096 1675 2145 controversia
1709 2099 1841 2147 inter*
1864 2101 2099 2164 provisum

141 2165 200 2209 ab
219 2158 580 2224 Archiepiscopo
597 2197 610 2216 ,
644 2163 686 2208 δι
706 2160 932 2223 provisum
960 2176 985 2206 a
1000 2159 1110 2206 Sede
1138 2159 1399 2219 Apostolica
1419 2197 1431 2214 ‚
1467 2162 1512 2207 &
1534 2161 1637 2223 quia
1658 2161 1710 2207 de
1729 2161 1923 2211 veritate
1944 2165 2100 2212 indul-

141 2227 178 2272 ti
205 2224 330 2279 dati,
385 2239 435 2275 ut
471 2223 740 2280 dicebatur,
775 2241 801 2272 a
832 2226 1017 2272 Summo
1051 2221 1274 2271 Pontifice
1322 2225 1472 2271 'Paulo-
1503 2225 1560 2272 V,
1601 2240 1694 2272 non
1745 2226 1849 2274 satis
1896 2228 2100 2276 constare

138 2287 292 2336 visum
342 2286 455 2340 fuit,
503 2289 548 2335 8<
599 2290 631 2337 fi
662 2305 824 2339 verum
857 2287 965 2338 effet
983 2326 996 2345 ‚
1022 2287 1300 2355 derogatum
1329 2289 1371 2338 ei
1408 2286 1552 2338 fuerat
1609 2290 1767 2352 regula
1817 2297 1855 2336 8.
1892 2290 2098 2338 Cancel-

136 2351 266 2400 lariae
313 2351 562 2402 Tribunai.
609 2353 755 2408 Rotae>
795 2355 972 2404 censuit
1017 2360 1200 2405 Litertzs
1254 2354 1541 2418 Apostolictzs
1596 2355 1673 2416 effe
1739 2357 2026 2417 exequendas
2078 2389 2100 2410 „

135 2427 188 2463 ut
234 2415 435 2477 dignosci
490 2416 636 2477 potest
690 2433 748 2465 ex
787 2421 885 2467 dec.
917 2423 1106 2469 Emerix
1131 2423 1232 2474 360.
1257 2453 1270 2472 ,
1305 2418 1469 2479 &-s40,
1506 2416 1645 2465 Nova
1694 2432 1813 2464 anno
1861 2432 1995 2474 ¹709·
2028 2423 2099 2464 in-

141 2489 208 2524 ter
223 2476 499 2539 Capitulum
518 2518 529 2536 ,
562 2483 606 2529 &
632 2481 1035 2545 Archiepiscopum
1052 2494 1148 2529 orta
1166 2482 1227 2529 est
1244 2479 1427 2544 quaestio
1443 2483 1496 2527 de
1531 2481 1788 2542 collatione
1824 2478 2094 2528 Canonica-

139 2553 212 2589 tus
230 2543 545 2602 Penitentiarii
558 2580 571 2598 ,
606 2543 680 2591 sed
698 2547 809 2593 dum
828 2549 1139 2600 contendunt,
1174 2543 1330 2606 elapso
1355 2557 1558 2604 tempore
1578 2560 1604 2591 a
1621 2545 1718 2600 jure
1735 2542 1965 2603 praefinito.
1981 2578 1993 2595 ,
2012 2545 2096 2599 de-

133 2604 372 2654 volutaest
385 2608 823 2661 collatiovad-,Sedem
844 2609 1186 2670 Apostoficam,
1222 2609 1437 2668 nullaque
1457 2607 1645 2667 amplius
1683 2607 1799 2653 inter
1840 2607 2086 2669 Arebiepi-

109 2698 113 2701 ‹
135 2667 320 2728 scopum
342 2705 354 2722 ,
389 2672 430 2717 δι
448 2671 721 2734 Capi-tulum
738 2684 839 2719 orta
857 2673 919 2719 est
941 2671 1243 2720 controversia
1263 2706 1276 2723 ,
1324 2685 1426 2717 cum
1465 2669 1735 2716 vacationes
1772 2666 2091 2717 canonicatus

137 2729 462 2792 Penitentiarii
480 2735 716 2784 evenerint
733 2735 782 2780 in
800 2735 1020 2782 mensibus
1041 2733 1308 2793 Apostolicae
1331 2733 1441 2777 Sedi
1465 2731 1699 2779 reservat-is
1719 2765 1730 2777 .

77 2794 218 2842 Anno
235 2806 390 2842 tamen
416 2810 539 2860 175¹·
562 2831 576 2850 ,
612 2809 758 2844 morte
779 2797 1105 2858 Penitentiarii
1123 2795 1170 2840 in
1189 2794 1334 2843 mense
1355 2808 1447 2839 non
1468 2793 1697 2841 reservato
1715 2829 1727 2846 ‚
1750 2795 1991 2843 instaurata
2030 2795 2093 2845 est

135 2860 471 2908 controversia:
505 2859 674 2913 studuit
693 2859 965 2920 Capitulum
982 2874 1073 2905 rem
1099 2873 1203 2905 cum
1238 2856 1761 2917 Archiepiscopoamice
1794 2874 2091 2920 componere,

136 2918 214 2966 sed
228 2935 332 2968 cum
349 2922 389 2971 id
408 2939 497 2972 non
515 2921 793 2986 impetrasset
812 2958 826 2975 ,
859 2921 1066 2983 confugit
1084 2921 1144 2968 ad
1169 2920 1552 2968 Eminentiflimos-
1572 2920 1723 2967 Patres
1744 2954 1756 2970 ‚
1784 2922 1825 2967 δι
1864 2924 1976 2970 datae
1995 2921 2094 2969 fue-

138 2994 244 3029 runt
261 3018 275 3036 ,
311 2987 512 3035 utmoris
525 2987 618 3041 est,
654 2986 796 3034 literae
815 2987 868 3033 ad
885 2985 1338 3045 Archiepiscopum-,
1372 2983 1538 3040 adjecta
1557 2982 1902 3037 declaratione,
1940 2990 2091 3033 utin-

138 3051 277 3094 terim
292 3059 471 3113 tempus
491 3086 504 3103 ,
541 3056 601 3100 ζῇν
623 3061 826 3114 tempora
839 3067 923 3098 non
941 3059 1182 3097 currerent
1204 3051 1261 3094 ad
1291 3059 1387 3095 tres
1421 3050 1587 3105 menses
1606 3078 1621 3092 .
1655 3046 1803 3093 Initio
1837 3048 2092 3110 superioris

138 3108 249 3156 anni
266 3113 467 3160 coactum
485 3112 574 3160 fuit
593 3111 864 3176 Capitulum
883 3146 897 3165 ,
930 3112 1251 3172 decretumque
1267 3110 1329 3158 est
1344 3121 1394 3157 ut
1416 3110 1471 3156 lis
1490 3109 1536 3156 in
1555 3109 1644 3157 hoc
1664 3112 1797 3157 Sacro
1834 3109 2090 3159 Tribunali

145 3183 388 3232 ageretur,
421 3175 493 3222 sed
509 3176 671 3239 paucis
687 3174 1152 3240 post-die-busriterum
1186 3177 1341 3221 coaCto
1371 3173 1597 3234 Capitulo
1633 3174 1688 3219 ab
1725 3172 2090 3227 Archidiacono‚

137 3236 213 3282 cui
235 3235 404 3294 hocius
424 3236 508 3285 effe
524 3251 693 3302 negant
709 3239 937 3288 Canonici
957 3275 970 3294 ,
1007 3240 1147 3296 major
1164 3251 1262 3298 pars
1274 3237 1447 3284 censuit
1467 3236 1777 3284 recedendum
1792 3233 1877 3282 esse
1912 3252 1937 3283 a
1972 3236 2087 3291 lite,

135 3297 468 3359 transigendum
484 3300 568 3349 esse
584 3318 686 3350 cum
704 3303 923 3363 Episcopo
939 3338 953 3356 ,
985 3302 1108 3350 itaut
1124 3301 1392 3350 elefflonem
1413 3299 1508 3359 ipse
1538 3300 1729 3347 haberet
1745 3333 1758 3351 ,
1790 3299 2089 3349 collationem

137 3374 250 3408 vero
267 3362 538 3423 Capitulum
559 3400 573 3420 ,
606 3365 902 3427 praestandum
921 3366 1118 3427 denique
1137 3363 1224 3411 esse
1256 3362 1517 3411 consensum
1536 3398 1550 3418 ‚
1588 3375 1638 3409 ut
1672 3362 1911 3409 Praebenda
1943 3362 2087 3425 Peni-

133 3426 354 3472 tentiaria
368 3427 655 3478 conferretur
685 3429 874 3485 Josepho
910 3429 1132 3491 Viggiani
1167 3428 1406 3480 Canonico
1443 3426 1683 3477 Diacono,
1709 3424 2085 3486 quiinconcursu

133 3488 414 3554 approbatus
432 3490 581 3539 fuerat
593 3527 608 3546 ,
642 3493 687 3540 δε
705 3493 763 3540 ab
781 3491 1337 3555 Archiepiscopoelestus
1356 3529 1365 3539 .
1387 3488 1579 3538 Obstitit
1595 3489 1699 3536 Pars
1721 3489 1869 3534 minor
1886 3525 1900 3542 ,
1918 3491 1964 3536 &¹
1981 3503 2090 3551 pro-

130 3548 412 3615 testationem
429 3553 601 3608 emisit,
630 3556 950 3617 &appellavit
978 3558 1029 3602 ad
1064 3554 1156 3601 hoc·
1177 3555 1362 3601 Sacrum
1403 3552 1651 3600 Tri-huual:
1690 3550 1777 3598 Sed
1813 3562 1967 3598 tamen
1993 3552 2083 3598 Ar-

129 3610 439 3680 chiepiscopus
456 3619 617 3666 eadem
634 3619 713 3667 die
730 3620 779 3667 in
797 3616 1101 3680 possessionem
1117 3616 1433 3664 canonicatus
1451 3612 1770 3677 Penitent-iarii
1799 3613 2081 3677 Viggianum

127 3673 312 3721 immisit
330 3708 345 3723 .
379 3677 604 3728 Detulere
621 3681 847 3732 Canonici
866 3681 935 3729 illi
953 3694 1139 3729 numero
1155 3679 1354 3792 mingres
1376 3680 1458 3731 bac
1471 3681 1524 3727 de
1539 3694 1589 3727 re
1611 3678 1822 3742 querelas
1852 3681 1905 3725 ad
1951 3675 2080 3723 Emi-

329 3745 590 3794 Tom.XXII.
1303 3754 1330 3791 z
1942 3753 2028 3786 nen
2042 3759 2052 3774 =
