2571 3961
1344 187 1347 191 -
1984 172 2010 203 2

95 217 250 276 maiori
270 217 486 265 cautione
522 216 898 280 perquirerentur
917 216 1198 278 probationes
1216 215 1409 277 duplicis
1431 217 1837 278 consanguinitatis
1864 174 2042 283 propo3

95 288 248 329 nenda:
268 282 314 327 in
335 282 418 328 hoc
437 279 572 326 Sacro
595 279 840 329 Tribunali
856 313 868 330 ,
905 291 954 325 ut
976 279 1032 327 ad
1051 280 1244 340 primam
1262 280 1535 328 sententiam
1570 282 1734 328 rediret
1752 312 1768 328 .
1800 284 1887 329 Sed
1924 284 2036 330 dum

99 346 339 391 Violantes
369 343 459 388 ach
492 343 682 402 quaerit,
717 341 981 402 Theologos
1007 376 1020 392 ,
1051 342 1487 403 jurisconsultosque
1521 344 1751 397 consulit,
1784 357 2036 407 curatque,

96 421 147 455 ut
175 409 420 455 educantur
439 421 461 450 e
478 406 606 452 libris
642 405 834 465 publicis
855 404 1144 463 probationes
1162 404 1356 465 duplicis
1377 407 1793 469 consanguinitatis
1813 443 1825 459 ,
1852 421 2036 470 tempus

99 470 270 517 labitur
289 505 300 521 ‚
337 470 379 514 8<
398 467 548 514 Causa
580 469 715 516 tertio
733 465 955 532 proposita
972 469 1043 517 die
1060 480 1104 529 5.
1134 469 1255 523 ,lunii
1280 467 1541 530 responsum
1566 507 1580 525 ,
1605 481 1653 516 ut
1685 469 1882 517 diximus
1900 506 1916 524 ‚
1953 486 2038 518 ac-

42 585 44 587 ,
99 534 218 592 cepit
250 538 294 579 in
321 534 509 588 secundo
527 533 622 578 loco
659 530 813 586 decisis
842 559 859 575 .

37 597 212 644 Cautio
240 593 468 642 Violantis
490 595 535 639 in
554 592 865 655 perquirendis
884 592 1234 653 probationibus
1269 594 1462 654 duplicis
1483 596 1890 657 consanguinitatis
1910 607 2038 642 tanta

98 658 186 708 effe
207 674 295 705 non
316 659 463 718 potuit
487 691 500 709 ,
534 669 583 703 ut
602 670 751 701 rumor
767 655 822 700 ad
843 668 973 703 aures
1005 655 1444 716 consanguineorum
1463 659 1691 707 Ludovici
1715 675 1804 705 non
1826 662 2030 719 perveni-

97 736 166 770 ret
184 758 195 774 ,
219 737 245 767 a
272 721 432 782 quibus
450 755 462 770 ‚
497 732 545 765 ut
567 732 719 765 narrat
743 716 982 762 Violantes
1007 751 1020 768 ,
1055 716 1148 779 ipse
1181 718 1351 769 certior
1371 718 1513 767 factus
1531 755 1544 771 ,
1578 723 1686 767 adiit
1723 720 2038 769 SANCTIS-

95 784 313 832 SIMUM
346 780 680 829 DOMlNUM
714 777 1048 826 NOSTRUM
1074 813 1086 829 ‚
1121 793 1390 842 narratoque
1421 782 1596 830 defectu
1625 784 1918 844 expressionis
1952 788 2037 831 dli-

84 851 230 913 plicis
249 851 360 909 impe
371 840 834 902 dimenti‚postulavit,
850 853 900 888 ut
919 857 1020 888 cum
1045 842 1284 890 Violantes
1303 847 1532 907 ignoraret
1551 849 1633 892 hoc
1657 846 2038 908 impedimentum

95 910 303 958 eumdem
333 908 507 956 sanaret
539 903 756 951 desectum
777 940 791 958 ,
824 905 1112 966 obtinuitque
1145 906 1302 954 literas
1336 908 1625 969 Apostolicas
1666 909 1789 955 datas
1819 909 1864 954 in
1899 909 2039 955 forma

83 975 278 1037 perinde
297 970 455 1018 valere
473 1002 487 1019 ‚
524 971 595 1015 die
618 981 688 1013 12.
709 968 985 1029 Septembris
1005 973 1156 1017 eodem
1173 986 1286 1018 anno
1305 983 1442 1031 1750.
1458 1007 1472 1025 ,
1502 972 1663 1034 quibus
1682 972 1887 1019 Summus
1910 971 2035 1018 Pon·

72 1035 74 1038 ’
94 1035 210 1082 tifex
226 1069 240 1086 ‚
279 1047 366 1079 non
381 1031 582 1079 obstante
601 1029 774 1092 duplici
790 1032 1121 1092 impedimento
1154 1032 1312 1086 tertii,
1344 1035 1385 1080 ὅ(
1408 1037 1562 1096 quarti
1583 1035 1746 1098 gradus
1768 1034 2038 1096 consangui-

93 1100 252 1145 nitatis
267 1091 567 1151 dispensavit,
589 1105 641 1139 ut
661 1108 890 1155 remanere
911 1092 1082 1154 possent
1101 1094 1147 1143 in
1166 1096 1456 1145 matrimonio
1474 1102 1708 1147 contraOo
1725 1133 1755 1151 ‚‚
1784 1096 1945 1159 absque
1965 1112 2036 1151 eo,

90 1194 122 1213 ‚‚
157 1160 274 1219 quod
298 1156 533 1205 Violantes
550 1155 738 1215 Josepha
758 1155 818 1202 de
839 1156 929 1202 alio
946 1157 1271 1218 impedimento
1289 1159 1538 1216 hujusmodi
1565 1174 1798 1208 moneatur
1815 1196 1828 1213 ,
1848 1174 1929 1207 nec
1947 1175 2038 1207 no—

89 1258 122 1278 „
157 1237 237 1268 vus
267 1219 464 1275 ejusdem
485 1219 718 1266 Violantis
737 1217 934 1277 josephae
952 1219 1186 1269 consensus
1210 1257 1222 1273 ‚
1256 1223 1429 1271 etiamst
1457 1227 1578 1271 aliud
1614 1224 2039 1284 impedimentum-2

85 1316 124 1339 ‚,›
152 1283 386 1343 praefatum
402 1283 455 1331 ad
475 1282 600 1330 illius
619 1282 829 1331 notitiam
850 1283 1088 1342 pervenire
1109 1284 1371 1345 contingat,
1387 1287 1923 1349 requiratur„Perventis
1945 1283 2040 1346 post

85 1351 182 1394 hirc
202 1348 256 1393 ad
280 1345 449 1394 Urbem
470 1344 819 1405 probationibus
848 1345 1054 1393 omnibus
1072 1348 1206 1395 millis
1227 1364 1251 1394 a
1273 1349 1494 1397 Violante
1513 1385 1527 1406 ,
1564 1366 1664 1398 cum
1687 1349 1874 1396 obstaret
1903 1350 2039 1395 clau-

85 1409 383 1468 sulasstltlata
400 1443 412 1461 ,
451 1409 494 1455 ὃς
515 1407 769 1459 Decretum
788 1411 983 1455 irritans
1001 1408 1049 1459 in
1069 1407 1231 1460 Literis
1254 1412 1532 1472 Apostolieis
1570 1411 1772 1479 apposita
1792 1446 1805 1464 ,
1839 1409 2039 1473 postula-

87 1474 158 1519 vit
178 1471 425 1518 Violantes
446 1488 469 1517 a
493 1469 798 1523 Sacratiffimo
818 1469 1028 1532 Principe
1056 1473 1228 1520 Nostro
1251 1479 1343 1522 oris
1374 1480 1677 1539 aperitionem
1701 1511 1714 1528 ‚
1751 1490 1882 1538 quam
1906 1473 2038 1521 obti-

82 1538 185 1582 nuit
219 1551 270 1580 eu
306 1536 426 1596 lege,
460 1547 509 1580 ut
529 1533 713 1582 silentio
734 1534 973 1592 praeteritis
989 1534 1092 1583 aliis
1123 1537 1411 1586 nullitatibus
1431 1537 1714 1587 matrimonii
1733 1541 1820 1594 jam
1839 1536 2036 1598 proposi-

83 1601 140 1645 tis
171 1601 213 1644 in
248 1598 335 1645 hoc
366 1599 509 1644 Sacro
544 1595 816 1649 tribunali,
853 1599 904 1642 de
926 1612 1010 1642 una
1034 1598 1120 1645 hac
1141 1612 1353 1662 ageretur
1371 1601 1587 1648 nullitate
1607 1599 1886 1647 matrimonii
1922 1613 2036 1645 con-

85 1663 211 1707 tracti
247 1675 348 1706 cum
370 1658 705 1719 dispensatione
726 1658 784 1704 ab
803 1659 1359 1725 impedimentojmplicis
1378 1663 1779 1726 consanguinitatis
1795 1664 1842 1709 in
1868 1661 2036 1715 tertio,

2 1781 6 1785 .
83 1726 123 1771 <Sc
145 1734 305 1784 quarto
337 1725 473 1783 gradu
494 1756 507 1774 ,
529 1725 568 1766 ἂ
591 1736 648 1769 au
672 1721 783 1767 illud
806 1723 1108 1770 revalidatum
1133 1724 1274 1781 *suerit
1296 1724 1457 1772 Literis
1479 1727 1762 1787 Apostolicis
1794 1725 1906 1771 datis
1947 1725 2037 1772 in..-

9 1766 31 1820 ἓ
81 1785 226 1832 forma
248 1787 440 1847 pet-ende
463 1786 623 1832 vilei-e
643 1816 657 1831 .
675 1783 825 1831 Causa
846 1783 995 1845 itaque
1014 1801 1058 1832 in
1079 1787 1165 1835 hoc
1184 1787 1298 1838 statu
1321 1790 1617 1852 proponitur,
1638 1790 1680 1836 ἃ
1703 1788 1898 1843 d.sputat
1918 1787 2036 1834 Vio-

16 1850 18 1853 ’
79 1850 223 1895 lantes
244 1848 421 1895 nullum
446 1882 450 1897 ,,
490 1861 624 1908 atque
646 1848 827 1893 irritum
853 1848 975 1894 luisse
998 1852 1330 1897 matrimonium
1368 1852 1486 1898 inter
1516 1867 1643 1903 eam,
1675 1853 1718 1898 8<
1741 1850 2033 1897 Ludovicum

74 1912 242 1958 initum
265 1947 278 1964 ‚
311 1910 516 1958 obstante
546 1910 722 1970 duplici
752 1911 1081 1970 impedimento
1116 1913 1522 1976 consanguinitatis
1563 1952 1574 1967 ,
1616 1918 1731 1976 quod
1766 1913 2037 1960 sublatum-s

76 1991 165 2021 non
193 1975 280 2024 fuit
299 1973 636 2030 dispensatione
662 1972 933 2032 Apostolica
950 2014 960 2027 ‚
981 1991 1077 2035 qua:
1098 1977 1339 2035 impetrata
1363 1977 1509 2025 fuerat
1528 1993 1608 2039 pro
1627 1975 1822 2039 simplici
1839 1978 2032 2022 consan-

75 2039 303 2099 guinitate
321 2071 335 2087 ,
369 2035 459 2083 sive
495 2053 549 2083 ex
573 2051 663 2086 uno
685 2036 826 2085 latere
851 2048 1026 2084 tantum
1052 2055 1066 2088 3
1105 2040 1306 2091 collecto
1336 2041 1552 2102 siquidem
1573 2040 1918 2102 'I'lieologorum
1937 2071 1952 2089 ,
1982 2039 2029 2093 &

77 2098 428 2148 Canonstarum
449 2115 631 2160 agm'ne
653 2133 665 2150 ,
689 2098 849 2159 probat
869 2099 1155 2153 necessariam
1177 2102 1300 2149 fuisse
1349 2107 1401 2149 ad
1421 2104 1706 2152 validitatem
1743 2098 2032 2151 matrimonii

74 2163 396 2226 expretlionem
417 2197 428 2213 ‚
464 2165 505 2210 &
534 2163 913 2222 dispensationem
943 2168 996 2212 ab
1031 2178 1228 2226 utroque
1251 2167 1572 2228 impedimento
1610 2163 2025 2228 consanguinitatis

76 2227 124 2273 in
145 2225 279 2273 tertio
297 2261 310 2279 ‚
343 2228 384 2271 ὅ(
406 2242 569 2287 quitto
599 2230 740 2286 gradu
762 2241 817 2271 ex
837 2238 1028 2289 utroque
1064 2227 1207 2274 latere
1223 2262 1237 2280 ‚
1265 2243 1452 2285 paterno
1473 2228 1646 2276 scilicet
1663 2266 1674 2283 ,
1700 2230 1744 2276 &
1763 2241 1964 2276 materno
1981 2257 1996 2272 .
2056 2241 2067 2243 “

13 2287 166 2351 Pergit
186 2302 334 2336 autem
351 2286 468 2338 idem
487 2289 665 2340 nullum
684 2288 1297 2340 matrimonium‘revalidari
1316 2329 1329 2346 ‚
1348 2294 1388 2339 ὅ(
1411 2292 1728 2340 convalescere
1748 2307 1837 2338 non
1859 2287 2028 2352 potuis-

76 2353 118 2400 se
136 2352 301 2402 Literis
323 2352 605 2412 Apostolicis
623 2351 736 2397 datis
751 2351 797 2400 in
833 2351 980 2402 forma
993 2359 1184 2416 perinde
1207 2359 1369 2404 ‘valere
1406 2358 1477 2403 die
1505 2370 1574 2403 12.
1594 2354 1876 2415 Septembris
1909 2365 2028 2398 anno

79 2429 213 2478 1750.
234 2451 247 2468 ‚
281 2428 377 2464 tum
403 2416 510 2477 quia
525 2414 801 2473 subreptitiae·
821 2450 835 2468 ‚
852 2417 896 2462 &
919 2417 1183 2476 obreptitiae
1202 2417 1303 2465 sunt
1324 2454 1335 2469 ‚
1354 2433 1457 2464 cum
1475 2420 1656 2467 Summo
1677 2413 1904 2466 Pontifici
1926 2416 2030 2475 sug-

74 2479 242 2540 gestum
264 2477 398 2524 fuerit
420 2478 686 2526 Violantem
707 2476 922 2539 ignorasse
941 2479 1056 2526 illud
1090 2479 1478 2541 impedimentum
1500 2516 1512 2533 ,
1548 2480 1727 2542 quando
1744 2481 1927 2541 plenam
1962 2481 2029 2523 11-

74 2543 160 2586 lius
193 2544 427 2596 seientiam
449 2542 668 2586 habuerat
687 2558 712 2586 a
731 2543 871 2599 mense
893 2550 1067 2590 Marcio
1087 2545 1276 2603 ejusdem
1296 2546 1397 2591 anni
1418 2578 1432 2597 ,
1467 2546 1508 2592 &
1530 2545 1586 2591 sic
1606 2543 1680 2590 sex
1700 2542 1925 2590 mensibus
1945 2555 2029 2587 an-

71 2603 465 2654 tetiataslitesas,
502 2615 596 2647 tum
618 2602 719 2662 quia
753 2604 998 2651 Violantes
1036 2617 1328 2654 revocaverat
1361 2608 1624 2655 mandatum
1658 2608 1864 2666 Procurae
1888 2640 1902 2658 ,
1936 2614 2026 2663 quo

70 2667 424 2713 Matrimonium
447 2665 672 2716 Zamorrae
690 2667 966 2712 contractum
987 2667 1072 2714 fuit
1089 2703 1101 2720 ‚
1141 2669 1329 2728 ideoque
1353 2704 1366 2724 ‚
1398 2683 1614 2718 revocato
1633 2668 1850 2717 consensu
1876 2703 1889 2720 ,
1928 2679 2026 2712 non

69 2730 194 2788 polilt
213 2728 460 2775 retrotrahi
481 2726 706 2774 validatt'o
726 2763 738 2779 ,
757 2728 957 2785 obstante
981 2731 1156 2779 defectu
1175 2732 1374 2779 extremi
1397 2768 1410 2785 ,
1433 2734 1478 2779 in
1502 2749 1592 2797 quo
1611 2732 1829 2778 fundetur
1854 2761 1869 2777 .
1885 2728 2023 2775 Cau-

71 2792 160 2838 sam
183 2792 322 2852 igitur
353 2792 399 2837 in
430 2806 518 2837 una
554 2790 821 2850 cognitione
842 2791 1028 2851 positam
1048 2792 1162 2845 ess'e,
1196 2810 1250 2839 an
1275 2795 1515 2843 Violantes
1547 2810 1652 2841 ante
1687 2795 1816 2841 datas
1842 2794 2022 2840 Literas

70 2854 350 2914 Apostolicas
372 2851 741 2914 impedimentum
758 2853 871 2899 illud
892 2855 1083 2918 duplicis
1108 2857 1281 2905 vinculi
1303 2856 1466 2912 sciret,
1487 2859 1561 2905 vel
1583 2858 1812 2920 ignoraret
1831 2894 1842 2905 .
1868 2859 2025 2903 Scien-

71 2921 184 2963 tiam
208 2918 326 2963 suam
345 2921 508 2979 probat
547 2917 788 2962 Violantes
807 2915 1090 2976 soleinntfim
1110 2922 1421 2968 declaratione
1441 2957 1455 2975 ,
1488 2937 1576 2985 qua
1600 2935 1693 2968 rem
1713 2935 1895 2968 omnem
1911 2929 2026 2963 nar-

68 2978 140 3025 ra‘t
160 2978 238 3025 sub
258 2979 546 3035 iurisiurandi
565 3014 578 3033 ,
615 2979 1013 3034 testificationibus
1033 2981 1262 3030 nobilium
1283 2983 1490 3031 virorum
1512 2990 1685 3033 Patrue·
1703 3019 1717 3038 ,
1754 2991 1812 3033 &⁹
1851 2985 2020 3029 Avun-

70 3060 92 3087 c
110 3043 163 3088 slt'
184 3078 196 3094 ,
228 3041 304 3101 qui
332 3046 423 3088 aeta
443 3077 454 3093 ,
488 3045 528 3093 &
551 3041 841 3102 probationes
869 3042 1230 3105 perquisiverunt
1248 3080 1262 3098 ,
1298 3048 1338 3093 ὅ(
1359 3048 1688 3096 consuluerunt
1713 3045 1983 3104 Theologos
2010 3075 2024 3096 ‚

69 3105 110 3150 &
130 3104 236 3157 Jure
256 3104 479 3152 consultos
499 3141 511 3159 ,
543 3110 826 3166 negociorum
852 3108 897 3153 iti
917 3107 1084 3169 Regno
1103 3107 1396 3170 Portugallice
1424 3111 1651 3170 gestorum
1673 3147 1685 3165 ‚
1718 3110 1828 3172 qui,
1861 3109 1901 3153 δι
1942 3105 2020 3164 ipsi

68 3166 262 3213 consulti
297 3165 500 3224 fuerunt,
533 3168 819 3232 celeberrimi
840 3174 1082 3218 Aci-vocati
1107 3207 1118 3222 ,
1151 3171 1232 3233 qui
1262 3172 1523 3233 responsum
1546 3208 1559 3226 ‚
1597 3173 1670 3221 seu
1711 3169 2023 3220 consultatio·

65 3243 168 3273 nem
199 3229 403 3290 scripsit,
443 3233 762 3292 Theolcgornm
782 3245 878 3280 tum
904 3233 1092 3297 inclytae
1113 3234 1436 3285 Dominicanae
1464 3236 1670 3284 Familiae
1690 3273 1702 3291 ,
1741 3249 1839 3283 tum
1860 3231 2022 3294 incly-

63 3301 118 3358 tge
138 3291 376 3339 Societatis
395 3294 493 3348 Jesu
511 3293 716 3342 doctrina
738 3330 750 3347 ‚
777 3295 1007 3354 probitate
1027 3332 1040 3349 ‚
1078 3297 1401 3349 &muneribus
1417 3335 1433 3354 ,
1468 3315 1520 3347 ac
1541 3299 1789 3361 Dignitate
1813 3294 2024 3359 praestan-

62 3365 208 3406 tium,
240 3370 315 3424 qui
337 3359 411 3404 vel
433 3357 628 3404 consulti
648 3357 834 3405 fuerunt
850 3358 936 3406 hac
954 3362 1074 3408 dere
1090 3377 1115 3406 a
1142 3362 1359 3410 Violante
1377 3397 1390 3415 ,
1425 3364 1502 3410 vel
1526 3365 1620 3411 aeta
1646 3397 1658 3414 ,
1691 3364 1732 3408 ὃ(
1781 3359 2017 3421 probatio-

58 3430 136 3460 nes
158 3418 517 3478 perqulfiverunt
537 3453 552 3471 ,
591 3421 631 3466 &
668 3420 711 3464 in
737 3420 905 3468 Urbem
941 3422 1314 3477 transmiserunt,
1355 3427 1428 3473 vel
1468 3437 1744 3485 acceperunt
1780 3426 1825 3471 in
1862 3422 1986 3470 Urbe
2007 3456 2021 3475 ‚

63 3482 372 3547 Wotzzri'oruqa
395 3516 422 3550 ,α
443 3485 518 3543 qui
540 3485 632 3528 acta
656 3484 942 3533 tradiderunt
962 3521 976 3539 ,
1015 3489 1323 3536 Parachorum
1343 3487 1571 3550 denique,
1605 3487 1689 3549 qui
1707 3487 1819 3535 fides
1838 3484 2022 3549 Baptis-

61 3551 230 3606 matum
265 3557 289 3610 e
323 3544 445 3607 libris
465 3559 745 3607 exceperunt
766 3583 776 3594 .
814 3548 927 3596 Haec
966 3548 1130 3595 summa
1148 3549 1209 3598 est
1229 3550 1375 3597 libelli
1397 3551 1492 3600 dati
1523 3565 1548 3595 a
1569 3550 1794 3598 Violante
1814 3583 1829 3598 .
1862 3552 1909 3596 A
1932 3548 2025 3596 Lu-

58 3602 222 3649 dovtco
239 3604 350 3650 nibil
370 3606 513 3656 adhue
535 3606 771 3657 babuimus
789 3642 801 3658 .
839 3610 1054 3659 Dubium
1072 3627 1210 3658 unum
1230 3610 1320 3664 est,
1346 3613 1469 3674 quod
1483 3612 1701 3676 expediri
1719 3614 1857 3660 debet
1882 3645 1896 3660 .

0 3667 512 3740 AnLicer.c5fsp0s70licae
531 3673 578 3718 in
590 3671 741 3727 forma
752 3676 946 3737 perinde
964 3674 1126 3725 valere
1141 3676 1365 3740 expeditae
1386 3679 1458 3726 die
1487 3689 1557 3726 iz,
1571 3678 1856 3740 Septembris
1884 3686 2025 3736 1750.

1860 3736 1954 3793 fine
