2571 3961
148 252 409 375 l{genti-ium.
445 252 565 304 Haec
586 249 818 305 Carofius
841 289 857 317 ,
895 269 922 307 a
960 251 1258 323 coniugibus
1301 248 1427 304 nihil
1469 250 1766 305 habuimus.
1801 200 1911 305 Dii}

187 338 234 373 13,
279 334 368 373 Unt
396 357 410 375 ο

80 396 118 447 Ι.
154 393 236 443 An
250 393 419 458 constet
438 394 492 441 de
515 391 788 443 Attentatis
819 396 873 443 in
895 395 1001 455 casu
1027 392 1124 446 &aa

86 463 151 516 ll.
188 463 271 511 An
310 465 372 518 ᾤ’
391 464 454 511 ad
470 479 583 525 quas
602 463 818 527 expensas
836 498 848 514 ,
889 467 950 519 &0
974 465 1142 512 damna
1157 463 1257 526 sint
1291 462 1621 512 condemnandi
1643 460 1918 523 Franciscus

288 530 452 583 Ciotti
470 563 484 587 η
519 532 581 586 &0
606 533 816 599 Baptista
834 534 1019 599 Rosana
1050 532 1242 585 Zivilli
1264 535 1319 581 in
1345 533 1452 594 cqfn
1471 533 1580 588 &a

222 668 309 721 Ad
329 670 366 720 Ι.
387 666 713 720 Affirmative
732 705 746 720 .
786 669 868 721 Ad
898 671 957 720 ll.
984 669 1309 720 Affirmative
1328 667 1388 719 ad
1408 663 1638 719 effean
1659 663 1914 717 reficiendi

85 734 437 863 gietgegitlaatsigam
454 736 715 803 judiciales
734 775 750 800 ‚
785 755 935 804 quarn
958 738 1355 800 extrajudiciales
1390 738 1620 789 taxandas
1642 752 1666 786 a
1682 734 1912 787 Domino

221 1083 498 1136 MERINA
520 1083 1006 1139 FUNCTIONUM
1033 1102 1043 1137 :
1087 1080 1413 1135 Consuetudo
1429 1083 1495 1131 est
1527 1079 1911 1132 immemorialis

243 1153 290 1202 in
316 1156 558 1205 Amerina
581 1154 811 1207 Dioeceli,
832 1167 886 1204 ut
909 1153 1140 1205 Refftores
1158 1153 1254 1205 sive
1270 1150 1559 1216 Cappellani
1581 1148 1913 1201 Ecclefiarum

147 1222 406 1274 Ruralium
429 1264 443 1286 ‚
485 1224 774 1291 irrequisitis
807 1222 1038 1275 parochis
1066 1258 1078 1275 ,
1115 1222 1408 1274 benedicant
1441 1221 1488 1271 in
1523 1216 1719 1269 recursu
1753 1235 1915 1269 annuo

150 1291 415 1344 Festorum
438 1291 634 1344 dierum
662 1295 885 1344 Candelis
906 1332 919 1356 ,
941 1292 1120 1342 Palmis
1141 1326 1152 1346 ‚
1176 1290 1252 1342 seu
1275 1290 1443 1343 Olivis
1461 1326 1477 1351 ‚
1516 1287 1563 1334 8<
1583 1290 1710 1338 Ovis
1729 1323 1743 1337 .
1768 1288 1910 1339 Hanc

150 1356 569 1421 consuetudinem
594 1359 787 1412 servans
807 1362 1041 1414 Sacerdos
1062 1361 1363 1412 Dominicus
1385 1357 1594 1411 Riccetti
1616 1356 1792 1408 Reffior
1815 1357 1916 1407 Ru-

149 1429 285 1487 ralis,
307 1429 349 1480 8<
374 1431 644 1482 Patronatae
668 1430 893 1482 Ecclefiae
910 1432 955 1482 S.
975 1430 1224 1483 Laurentii
1243 1461 1259 1483 ,
1280 1430 1467 1493 primus
1489 1427 1914 1478 contradictorem

152 1497 320 1551 habuit
340 1499 617 1552 Parochnm
637 1500 833 1552 Montis
854 1499 1086 1567 Lampani
1106 1539 1122 1562 ‚
1154 1499 1232 1560 qui
1254 1533 1266 1554 ‚
1284 1498 1417 1549 adito
1438 1490 1681 1561 Episcopo
1705 1495 1914 1546 Ameri-

149 1584 218 1619 no
241 1600 256 1623 ,
277 1586 393 1619 eum
415 1566 663 1622 accusavit
686 1570 746 1620 de
779 1572 969 1622 turbata
1005 1565 1337 1627 iurisdietione
1359 1565 1632 1618 parochiali
1657 1599 1670 1614 .
1713 1563 1915 1623 Episco-

150 1652 240 1702 pus
262 1651 435 1702 pntans
456 1643 539 1692 has
560 1638 923 1692 benedictiones
943 1638 999 1689 ad
1015 1639 1095 1693 Jus
1116 1637 1406 1688 parochiale
1427 1633 1679 1701 pertinere
1696 1668 1707 1687 ‚
1749 1634 1795 1683 Sc
1818 1634 1913 1684 Re-

151 1705 276 1758 &tori
303 1710 530 1772 praecepit
553 1745 566 1766 ‚
609 1709 937 1761 utabstineret
964 1743 978 1765 ‚
1012 1709 1059 1759 Sc
1079 1706 1160 1771 ipfi
1183 1705 1798 1771 injunxitsnbsnspenstonis
1818 1705 1912 1767 ipso

140 1778 269 1843 fafi't'o
290 1783 586 1830 incurrendae
621 1780 1010 1830 interminatione
1030 1811 1043 1834 ‚
1081 1788 1131 1827 ut
1167 1790 1255 1840 per
1272 1774 1533 1827 offidarim
1554 1773 1907 1840 spiritualibus

151 1850 398 1898 exercitiis
416 1860 646 1900 vacaret.
673 1848 816 1900 Adiit
841 1846 1013 1898 ReFtor
1034 1850 1090 1897 ab
1108 1843 1177 1896 his
1196 1845 1449 1909 praeceptis
1474 1843 1682 1897 Sacrum
1704 1841 1910 1892 Riiuam

150 1915 619 1983 Congregationem
640 1956 655 1980 ‚
676 1934 701 1969 a
723 1933 815 1982 qua
838 1917 990 1967 etiam
1013 1914 1275 1980 postulavit
1294 1954 1309 1977 ‚
1336 1913 1725 1979 impetravitque
1746 1945 1759 1965 ‚
1781 1921 1836 1961 ut
1854 1914 1911 1962 ab

150 1983 393 2050 Episcopo
409 1984 755 2040 absolveretur
773 1987 833 2040 ad
855 1998 954 2038 tres
978 1981 1164 2036 menies
1183 2000 1299 2035 curn
1321 1982 1640 2036 reincidentia
1658 2017 1671 2039 ‚
1696 1975 1777 2030 sed
1795 1980 1908 2030 data

151 2056 268 2107 inde
299 2053 452 2108 causae
487 2058 784 2125 cognitione
824 2053 962 2108 sacro
998 2052 1114 2105 huic
1134 2050 1391 2104 Tribunali
1410 2089 1424 2110 ‚
1461 2068 1651 2104 novam
1687 2049 1908 2101 obtinuit

148 2128 554 2191 prorogationem
579 2130 636 2182 ad
656 2127 779 2181 alios
798 2138 1015 2192 quatuor
1033 2118 1222 2174 menses
1245 2158 1258 2172 .
1291 2123 1549 2186 Episcopus
1569 2121 1615 2171 in
1637 2114 1720 2169 sua
1745 2118 1802 2168 ad
1823 2120 1897 2167 sa-

147 2210 287 2246 cram
324 2195 506 2247 rituum
532 2195 998 2265 Congregationem
1030 2192 1244 2258 Epistola
1279 2194 1481 2257 negavit
1518 2188 1909 2254 indixiffespiri-

146 2264 303 2316 tualia
323 2269 554 2316 exercitia
590 2265 672 2318 sub
694 2280 836 2330 poena
860 2260 1178 2327 suspensionis
1213 2264 1266 2309 ob
1293 2262 1572 2327 praetensum
1608 2271 1896 2307 attentatum

146 2334 478 2386 benedicendi
497 2337 732 2390 Candelis
756 2370 769 2393 ‚
809 2333 992 2385 Palmis
1015 2365 1029 2390 ,
1066 2330 1110 2383 ὃ(
1131 2329 1258 2380 Ovis
1277 2363 1290 2384 ‚
1312 2332 1404 2393 sed
1432 2334 1484 2378 ob
1510 2329 1634 2378 alias
1671 2326 1896 2391 diffimiles

149 2405 314 2468 causas
337 2405 419 2454 fibi
441 2418 582 2457 notas
611 2444 627 2470 ‚
645 2408 689 2459 &
715 2400 860 2457 sacrae
878 2396 1271 2466 congregationi
1295 2399 1484 2449 minime}
1505 2399 1778 2463 pandendus
1796 2429 1810 2443 .
1830 2393 1905 2443 In-

149 2471 209 2521 de
230 2510 243 2533 ,
283 2467 510 2525 absoluto
537 2475 748 2526 Refflore
765 2470 1042 2524 declaravit
1079 2482 1280 2531 poenam
1304 2468 1615 2530 suspensionis
1658 2480 1756 2515 non
1779 2461 1905 2514 effe:
1949 2518 1952 2519 γ

150 2540 523 2606 intelligendam
543 2545 652 2592 latae
670 2542 999 2605 ,sedferendae
1014 2539 1266 2602 sententiae
1287 2570 1300 2584 .
1337 2533 1495 2588 Causa
1513 2550 1644 2587 nunc
1663 2532 1905 2598 proponi-

150 2620 233 2660 tur
252 2624 460 2674 quatuor
480 2611 691 2663 collefia
714 2609 953 2674 capitibus
970 2644 987 2668 ‚
1020 2606 1064 2658 ὅ(
1085 2606 1294 2667 disputat
1314 2604 1494 2656 Refftor
1517 2606 1703 2656 centies
1724 2600 1903 2653 defini-

151 2690 257 2730 tum
298 2675 435 2731 fuisse
473 2697 498 2731 a
521 2676 660 2732 sacris
682 2681 831 2731 Urbis
863 2674 1348 2742 Congregationibus
1382 2689 1461 2724 eas
1497 2669 1764 2724 functiones
1799 2684 1902 2720 non

153 2750 248 2798 effe
275 2749 585 2801 parochiales
605 2784 617 2804 ‚
642 2746 721 2801 sed
746 2745 1035 2811 simpliciter
1056 2742 1407 2795 Ecclefiasticas
1428 2777 1441 2799 ‚
1459 2741 1502 2791 8<
1523 2739 1863 2793 sacerdotales
1879 2775 1892 2794 ‚

152 2816 366 2881 ideoque
391 2820 582 2870 nullum
604 2818 687 2868 fibi
711 2817 840 2881 posse
862 2817 1140 2867 Parochum
1174 2812 1380 2862 afferere
1414 2812 1460 2861 in
1497 2814 1551 2861 iis
1586 2812 1664 2864 Jus
1703 2807 1902 2872 privati-

151 2904 269 2938 vum
294 2921 306 2942 ‚
328 2904 484 2954 neque
503 2887 770 2950 praenedire
790 2886 919 2949 poffe
940 2918 953 2942 ,
975 2899 1037 2934 ne
1057 2882 1219 2931 fianta
1245 2880 1527 2930 {tectoribus
1553 2879 1902 2932 Ecclefiaruxm

152 2952 423 3017 praesertim
467 2955 737 3009 accedente
790 2956 856 3005 im
868 2951 1132 3004 memorali
1170 2947 1457 3000 Dioeceseos
1500 2945 1852 2999 consuetudine
1885 2961 1902 2997 ς

154 3023 311 3092 Qod
327 3026 357 3074 fi
380 3028 513 3076 secus
532 3025 798 3088 aliquando
821 3022 1084 3075 definitum
1106 3016 1202 3069 fnit
1227 3056 1242 3080 ‚
1276 3017 1321 3067 id
1343 3014 1524 3068 faftum
1564 3014 1698 3069 fuisse
1722 3022 1775 3065 in
1791 3017 1903 3075 cafi-

156 3096 244 3144 bns
258 3095 639 3160 particularibus
659 3128 672 3149 ‚
707 3097 750 3145 in
771 3093 943 3156 quibus
982 3087 1119 3153 pario
1140 3087 1355 3149 expresso
1391 3098 1701 3137 conventum
1742 3082 1903 3136 fnerat

155 3162 204 3212 in
223 3163 469 3216 erectione
487 3162 810 3215 Ecclefiai·um
832 3195 845 3217 ‚
866 3176 925 3210 ne
945 3162 1014 3208 hae
1035 3154 1312 3208 fimftiones
1329 3172 1354 3205 a
1378 3155 1663 3207 Reftoribus
1687 3152 1904 3205 exerceri

156 3233 373 3296 poffent:
412 3234 544 3298 quod
563 3249 678 3282 cum
702 3231 821 3281 defit
847 3231 892 3278 in
920 3232 1006 3279 hac
1026 3223 1183 3289 specie
1206 3225 1472 3276 Refiorem
1510 3224 1766 3289 praepediti
1800 3237 1903 3273 non

151 3302 283 3366 poffe
300 3337 315 3362 ‚
340 3313 392 3354 ut
409 3317 488 3354 eas
506 3300 698 3364 expleat
717 3299 869 3349 etiam
890 3297 1071 3363 praevio
1090 3293 1295 3345 Tinnuli
1316 3293 1420 3343 aeris
1439 3288 1597 3343 sonitu
1617 3327 1632 3342 .

81 3363 220 3422 Hinc
243 3387 443 3435 poenam
468 3369 784 3433 suspenfionis
805 3384 903 3418 non
926 3363 1175 3416 substineri
1198 3360 1409 3423 disputat
1431 3361 1605 3412 Reftor
1625 3391 1640 3413 2
1658 3376 1774 3411 cum
1798 3376 1905 3412 retn

150 3437 339 3492 licitam
363 3437 554 3495 fecerit,
581 3452 740 3502 neque
756 3437 836 3490 Jus
858 3434 1140 3486 parochiale
1162 3469 1176 3491 ‚
1197 3443 1248 3480 ut
1267 3428 1530 3494 Episcopus
1554 3432 1750 3494 putabat
1770 3463 1782 3484 ‚
1806 3441 1907 3480 tur·

151 3509 375 3564 baveritz
415 3504 741 3572 spernendam
767 3504 861 3555 effe
882 3503 1273 3554 declarationem
1299 3499 1406 3561 ejus
1427 3515 1542 3550 cum
1575 3499 1826 3550 contraria
1851 3499 1905 3550 fit

147 3573 279 3631 facto
296 3576 616 3632 absolutionis
646 3591 661 3634 ;
690 3570 1011 3640 spernendam
1050 3572 1145 3623 effe
1180 3567 1548 3620 excusationem
1581 3581 1770 3636 propter
1788 3570 1908 3615 alias

1749 3640 1910 3701 cardus
