2571 3961
1825 184 1850 225 7
1865 179 1881 211 1

113 265 234 304 mum
256 249 406 297 locum
428 279 443 306 ‚
470 245 563 309 seu
585 244 728 308 vulgo
738 243 879 311 stallo
903 253 1128 307 occupare
1154 237 1167 296 ζ
1208 256 1264 290 ac
1301 240 1484 290 certeris
1500 239 1759 303 praecedere
1801 234 1900 284 Ca·

113 320 297 370 nonicis
315 353 331 379 ,
360 315 712 379 etiamstprimae
734 347 748 371 ‚
786 311 1078 376 &secundae
1102 311 1376 374 Dignitatis
1417 305 1559 374 effent
1582 340 1596 363 ‚
1632 318 1779 370 atque
1817 304 1904 354 ad-

107 388 226 438 dens
245 384 506 451 itasumma
528 383 693 450 quiete
709 417 723 441 ‚
767 386 828 438 ὠ·
854 375 1685 448 pacifice>prafficatumfuiffepetiit
1702 413 1716 436 ,
1737 378 1797 429 (ἔγ
1817 377 1901 422 in·-

95 458 232 526 stetic
253 456 584 521 supradifium
622 453 913 505 canonicum
953 450 1393 501 Hebdomadarium
1449 447 1763 497 celebrantem
1816 456 1903 508 pro

106 539 310 591 tempore
330 524 584 589 utriusque
603 518 750 588 maffae
770 524 1178 574 manutenendum
1197 516 1282 585 effe
1305 522 1358 566 in
1376 519 1542 583 quieta
1567 548 1581 572 ³
1615 517 1678 573 ὦ
1692 512 1897 588 Paclfica

100 595 349 665 poffcffone
371 594 626 659 occupandi
641 597 854 655 primum
880 593 1030 643 locum
1057 623 1070 647 ‚
1091 586 1392 656 seusiallum
1410 589 1461 635 in
1478 585 1625 636 Chora
1646 618 1661 634 .
1705 583 1901 634 Audita

104 670 198 717 hac
215 664 544 731 postulatione
573 696 588 720 ‚
626 661 856 714 decrevit
882 655 1152 724 Episcopus
1184 671 1271 724 per
1293 659 1473 708 modum
1486 653 1762 721 provifionis
1786 686 1800 710 ‚
1832 654 1897 707 ὠ·

95 737 192 801 fine
203 733 692 802 praejudz'cio'jurium
709 733 954 782 ambarum
971 731 1190 796 partium
1189 729 1393 792 servari
1416 728 1564 774 ritum
1606 727 1659 771 in
1673 724 1900 789 praesenti

104 809 159 856 de
178 807 335 856 ordine
356 803 569 868 Episcopi
586 797 887 863 observatum
915 834 930 858 ‚
983 800 1226 864 reservato
1240 799 1355 864 jure
1399 799 1678 858 cuicumque
1712 803 1901 843 contra-

105 876 271 925 dirrare·
289 873 550 922 deducendi
559 871 680 936 jura·
701 868 802 931 sua
804 870 955 935 super
980 870 1159 920 meritis
1197 867 1360 933 Causae
1376 877 1522 932 prout
1557 866 1612 914 de
1643 862 1757 936 jure
1777 893 1791 917 2
1832 861 1897 919 (ξ’

103 945 347 996 intimari:
380 936 506 992 nulli
528 938 651 990 veri)
678 934 801 991 facia
827 936 923 992 fuit
944 939 1191 990 Intimatio
1210 974 1224 994 ,
1381 936 1384 941 “

36 1014 299 1067 Proximus
317 1019 421 1061 erat
438 1006 544 1058 dies
567 1008 728 1060 Festus
747 1007 870 1061 Divi
888 1007 1250 1061 Bonaventurae
1269 1004 1474 1058 Patroni
1491 1002 1735 1057 Civitatis
1758 1036 1774 1062 ‚
1809 1020 1898 1056 re..

104 1075 366 1141 versusque
390 1076 793 1130 Archidiaconus
813 1079 1196 1143 Boncompagni
1239 1087 1437 1142 rogatus
1454 1072 1550 1129 fuit
1572 1112 1589 1138 ,
1626 1091 1688 1126 an
1740 1075 1902 1128 cessu-

102 1165 184 1203 rus
204 1144 368 1200 fuisset
387 1147 502 1199 loco
527 1145 941 1200 Hebdomadario
958 1159 1162 1213 parato:
1203 1146 1453 1211 respondit
1490 1144 1578 1195 ille
1598 1140 1721 1197 nihil
1740 1146 1888 1200 aflu-

100 1235 210 1271 rum
234 1217 334 1268 fine
355 1214 593 1270 consensu
609 1216 829 1281 Capituli
851 1254 865 1269 .
902 1219 955 1270 Id
975 1218 1056 1269 ubi
1096 1214 1298 1269 rescivit
1331 1212 1600 1280 Episcopus
1643 1215 1878 1282 praecepit

102 1286 587 1351 Archidiaconosub
600 1290 1051 1356 poenasuspergsronis
1084 1305 1112 1337 a
1131 1287 1335 1337 Divinis
1354 1287 1446 1353 ipso
1448 1289 1581 1351 fat't'o
1617 1287 1881 1340 incurren-

103 1362 196 1414 da,
230 1352 466 1414 utsedem
491 1355 631 1413 suam
652 1373 867 1415 vacuam
908 1359 1209 1422 relinqueret
1246 1356 1666 1426 Hebdomadario
1691 1393 1705 1416 ‚
1747 1360 1796 1411 ὅ(
1833 1358 1886 1409 in

102 1425 403 1481 inferiorem
428 1427 787 1483 descenderet.
826 1427 1237 1481 Archidiaconus
1258 1426 1489 1480 abstinuit
1508 1443 1535 1476 a
1558 1425 1737 1479 Choro
1770 1469 1788 1495 ‚
1811 1430 1893 1481 iri-2

103 1501 162 1550 de
186 1497 358 1548 habito
380 1513 499 1550 cum
523 1493 763 1563 Episcopo
788 1494 1019 1550 sermone
1050 1498 1268 1548 rationes
1292 1495 1394 1549 suas
1416 1495 1460 1545 ei
1476 1495 1698 1550 narravit
1722 1534 1736 1555 ‚
1772 1500 1890 1563 qui·

104 1570 194 1621 bus
213 1565 395 1618 auditis
412 1602 427 1624 ‚
461 1565 730 1634 Episcopus
754 1571 1047 1632 potestatem
1072 1564 1194 1624 fecit
1215 1566 1594 1618 Archidiacono
1613 1605 1629 1630 ‚
1667 1580 1720 1620 ut
1742 1582 1889 1633 pete-

100 1648 177 1689 ret
199 1636 426 1699 praecepti
450 1637 824 1691 revocationem
848 1644 876 1686 :'
901 1635 982 1689 sed
1005 1638 1122 1693 huic
1147 1635 1466 1703 postulationi
1486 1635 1771 1701 responsum
1790 1636 1887 1692 fuit

102 1719 155 1758 ut
175 1710 442 1760 citarentur
458 1725 610 1759 omnes
630 1706 847 1775 interesse
865 1710 1095 1765 habentes
1117 1743 1132 1758 .
1162 1704 1567 1763 Archidiaconus
1614 1707 1772 1773 igitur
1811 1708 1896 1763 vi·-

101 1775 176 1828 &a
199 1775 433 1840 patientia
453 1777 723 1841 appellavit
743 1780 802 1829 ab
823 1795 885 1830 eo
902 1787 1145 1844 praecepto
1164 1776 1224 1828 ad
1245 1775 1492 1829 Tribunal
1520 1776 1656 1829 ΑΕ.
1674 1776 1744 1829 At
1768 1778 1890 1842 Epi-

100 1843 273 1910 scopus
295 1847 562 1902 renovavit
600 1858 909 1914 praeceptum
933 1862 947 1902 ;
984 1846 1386 1925 Archidiacouus
1427 1844 1777 1913 purgationem
1810 1859 1890 1905 at·

103 1927 417 1969 tentatorum
446 1917 740 1980 postulavit.
779 1915 934 1968 Venit
955 1916 1061 1968 dies
1082 1913 1225 1974 festus
1245 1949 1259 1971 ‚
1298 1914 1344 1967 &
1369 1914 1775 1973 Archidiaconus
1797 1919 1884 1969 Se·÷

100 1987 218 2037 dem
240 1980 378 2039 suam
399 1987 594 2041 tenuit:
627 1985 846 2053 Egreffus
869 1987 987 2038 vero
1007 2001 1034 2033 e
1056 1985 1277 2037 Sacrario
1298 1985 1581 2039 Canonicus
1597 1985 1773 2051 Ioseph
1794 1986 1892 2038 Pa-

98 2054 267 2120 pinius
289 2089 303 2114 ,
342 2056 424 2120 qui
444 2055 564 2108 loco
583 2056 830 2109 Canonici
865 2055 1191 2107 Mazzocchii
1229 2054 1697 2109 Hebdomadarium
1734 2070 1886 2121 gere-

99 2128 228 2188 bat,
267 2136 322 2177 ut
342 2138 450 2178 erat
468 2126 617 2178 sacris
640 2127 850 2179 vestibus
873 2125 1072 2177 indutus
1099 2124 1279 2189 irrupit
1311 2125 1359 2175 in
1392 2125 1573 2183 sedem
1608 2126 1885 2183 Archidia-

100 2194 332 2250 conalem
357 2230 370 2251 ‚
403 2194 446 2248 8<
471 2194 607 2250 stetit
628 2195 822 2248 medius
854 2197 978 2249 inter
1000 2192 1411 2260 genuflexorium
1434 2230 1448 2252 ‚
1484 2193 1527 2245 8(
1550 2194 1890 2249 Archidiaco·

103 2280 225 2316 num
248 2261 584 2331 angustissimo
606 2265 727 2317 licet
746 2265 865 2322 loco
888 2300 901 2324 ‚
925 2277 978 2316 ut
996 2262 1219 2316 humeris
1240 2256 1335 2318 suis
1357 2263 1526 2327 peetus
1555 2276 1888 2328 ventremque

100 2346 356 2398 premeret
378 2333 742 2388 Archidiaconi
766 2370 780 2385 .
812 2335 1029 2401 Inceptis
1053 2333 1166 2384 inde
1192 2331 1420 2396 Vesperis
1443 2368 1457 2390 ‚
1498 2329 1705 2387 sedente
1740 2330 1890 2393 insua

99 2402 225 2455 Sede
243 2401 634 2459 Archidiacono
658 2402 782 2457 sedit
827 2403 927 2470 ipse
975 2400 1116 2467 super
1138 2401 1345 2466 genibus
1372 2400 1733 2454 Archidiaconi
1756 2440 1773 2466 ,
1808 2418 1887 2454 re-

102 2473 348 2538 petiitque
370 2475 499 2528 hunc
517 2477 691 2534 jocum
716 2475 878 2524 mod-o
899 2476 1021 2525 stans
1049 2509 1066 2533 ‚
1107 2469 1267 2524 modo
1285 2468 1454 2529 sedens
1475 2471 1598 2526 totis
1621 2471 1850 2536 Vesperis
1870 2512 1892 2538 ,

101 2540 457 2606 patientiffime
482 2543 718 2604 injuriam
755 2540 953 2600 fisrente
977 2539 1398 2610 Archidiacono,
1431 2556 1651 2607 eumque
1684 2540 1890 2595 dumta-

98 2625 176 2662 xat
198 2623 454 2663 monente
475 2612 539 2663 de
563 2610 771 2665 censura
795 2611 1133 2671 celeberrimi
1170 2610 1460 2676 can.stquis
1479 2613 1746 2676 suadente,
1784 2613 1889 2663 mi-

98 2683 323 2737 rantibus
351 2681 610 2734 audaciam
631 2681 852 2737 homiuis
873 2717 885 2741 ,
905 2680 949 2734 <St
974 2679 1266 2743 patientiam
1293 2681 1653 2733 Archidiacoui
1672 2717 1690 2743 ‚
1721 2681 1897 2733 Cano·

98 2751 224 2803 nicis
240 2786 254 2810 ,
292 2754 341 2804 ὅ(
362 2751 556 2816 Populo
577 2745 805 2806 universo
824 2788 839 2803 .
881 2748 1110 2816 Papinius
1129 2750 1251 2802 licet
1268 2748 1402 2802 Urbs
1422 2762 1531 2803 tota
1552 2767 1672 2802 eum
1699 2750 1749 2801 in
1773 2765 1894 2805 cen-

11 2831 13 2833 ·
95 2817 228 2874 suras
251 2821 462 2875 canonis
498 2820 756 2874 incursum
796 2821 987 2874 diceret
1009 2855 1024 2879 ,
1069 2818 1198 2872 sacra
1235 2831 1407 2874 tamen
1431 2822 1536 2888 egit
1558 2835 1568 2870 :
1608 2836 1729 2871 mox
1752 2817 1897 2877 astus(

96 2887 412 2945 couscientiae
432 2889 669 2957 stimulis,
688 2892 737 2943 Sc
759 2903 990 2944 metuens
1010 2925 1023 2948 ,
1044 2904 1108 2940 ne
1137 2890 1496 2954 impetraretur
1516 2890 1885 2954 Canonicatus‚

98 2974 249 3022 quem
275 2971 415 3016 tenet
437 2994 450 3019 ,
487 2977 655 3029 preces
673 2961 861 3015 obtulit
887 2956 1226 3026 Ampliffimis
1249 2958 1472 3015 Patribus
1493 2994 1508 3020 ‚
1548 2959 1734 3027 quibus
1751 2969 1892 3023 pete-2

100 3029 184 3078 bat
205 3030 570 3085 absolutionem
594 3049 621 3085 a
636 3026 857 3084 censuris
879 3066 893 3090 ‚
932 3042 1079 3096 atque
1102 3028 1473 3096 irregularitate
1494 3066 1510 3088 ο,
1762 3027 1767 3032 ’

28 3095 296 3171 Episcopus
318 3111 496 3156 contra
521 3096 803 3167 suspensum
826 3139 842 3165 ‚
884 3111 1032 3168 atque
1050 3099 1382 3168 irregularem
1402 3096 1595 3157 censuit
1622 3096 1894 3150 ArchIdia-

101 3183 292 3223 conum
313 3205 327 3226 ‚
346 3169 480 3235 quod
502 3169 581 3224 sua
606 3185 847 3237 praecepta
866 3166 1121 3236 sprevisset
1142 3209 1158 3234 ,
1196 3169 1276 3222 sed
1293 3169 1503 3228 decreto
1526 3161 1746 3233 supremi
1769 3166 1896 3218 Tri-

99 3236 292 3293 bunalis
308 3240 582 3305 Signaturae
600 3242 978 3306 circumscripta
1000 3237 1202 3293 fuerunt
1223 3238 1328 3293 afta
1369 3239 1540 3292 omnia
1564 3239 1731 3291 Curiae
1751 3230 1897 3299 Epis-

96 3308 357 3373 copalis‚&
376 3311 604 3376 cognitio
623 3309 775 3364 causae
800 3312 999 3363 deloco
1017 3306 1219 3362 sedendi
1238 3308 1351 3364 data
1373 3306 1469 3361 fuit
1493 3309 1648 3360 Sacrae
1669 3305 1884 3357 Rituum

99 3374 530 3446 Congregationi3
561 3376 733 3436 Causae
754 3383 878 3433 vero
901 3376 1219 3434 censurarum
1259 3379 1410 3431 Sacro
1442 3380 1559 3429 huic
1577 3374 1887 3429 Tribuuali·
1928 3411 1930 3414 —

99 3443 243 3499 Datis
264 3447 413 3516 igitur
430 3450 491 3500 ad
512 3446 809 3516 Episcopum
832 3450 1054 3516 pluribus
1071 3447 1286 3516 epistolis
1304 3482 1319 3507 ,
1362 3446 1561 3503 taudem
1587 3446 1691 3511 post
1708 3444 1885 3509 longas

98 3529 268 3569 moras
309 3518 558 3584 respondit
586 3555 600 3577 ‚
640 3517 796 3574 Causa
832 3536 965 3573 nunc
1001 3518 1303 3585 proponitur
1319 3551 1333 3574 ‚
1370 3516 1416 3569 8<
1441 3512 1661 3580 disputat
1696 3511 1888 3567 Archi-

97 3581 336 3640 diaconus
374 3590 676 3664 indubium
718 3590 950 3657 revocari
981 3605 1080 3641 non
1118 3587 1249 3653 poffe
1268 3586 1594 3643 canonicum
1618 3582 1884 3704 Papgniffm

1754 3667 1809 3703 ec
1834 3666 1888 3705 ει·ἓ
