2571 3961
112 303 222 344 cum
245 282 448 338 excnffis
485 283 818 336 solutionibus
846 282 1046 336 casuum
1086 284 1458 349 propositorum
1483 323 1495 344 ‚
1530 286 1724 351 optime
1746 235 1898 338 maii}

108 357 262 410 ciscus
282 352 588 419 responderit
611 388 626 411 ‚
664 352 709 404 8(
752 353 785 403 fi
825 370 959 405 nono
979 354 1086 405 casu
1112 352 1268 417 lapsus
1302 355 1567 420 videatur,
1606 356 1651 405 id
1681 358 1896 408 evenisse

105 442 165 477 ex
185 421 414 477 sensuum
436 421 635 475 defeftu
654 457 668 478 ‚
699 437 800 486 quo
829 437 997 487 captus
1015 419 1110 473 fuit
1144 437 1205 473 ex
1226 425 1383 476 nimia
1427 442 1595 477 rerum
1618 441 1766 489 copia
1792 461 1806 485 ‚
1842 428 1890 479 ὃ(

107 494 423 560 longitudine
448 491 693 551 temporis
715 526 729 548 ‚
760 507 905 553 quam
929 485 1072 542 senex
1093 488 1218 543 ferre
1238 510 1335 544 non
1355 496 1519 558 potnit
1537 531 1551 545 .

36 560 263 629 Disputat
296 562 538 627 Syndicus
580 560 924 612 Univerfitatis
950 560 1244 611 Parochiam
1270 563 1502 615 Antonio
1523 564 1725 615 Faenzae
1755 562 1891 621 adju·

103 632 363 685 dicandam
390 646 488 681 non
509 629 605 680 effe
629 663 643 681 .
683 631 794 694 quia
815 627 995 679 invisus
1020 630 1075 678 fit
1102 630 1294 692 Populo
1317 671 1332 694 ‚
1360 639 1405 684 ὅ(
1431 633 1630 694 quidem
1652 650 1707 683 ex
1729 629 1887 689 fastis,

103 702 325 755 moribus
345 731 362 755 2
382 703 428 751 8(
449 696 746 750 criminibus
768 697 1007 754 Antonii,
1038 713 1136 747 uon
1157 715 1212 748 ex
1237 702 1429 751 malitia
1451 701 1625 767 Populi
1658 740 1671 754 .
1687 703 1885 755 Contra

106 773 350 822 Antonius
372 767 684 818 validitatem
706 760 971 817 concursus
992 804 1008 829 ‚
1052 764 1304 819 inutiliter
1326 782 1376 821 ut
1395 769 1611 822 diximus
1635 806 1650 829 ,
1676 782 1846 822 tuetur
1867 787 1884 827 ;

98 841 342 910 judicium
363 831 745 900 Archiepiscopi
773 837 933 887 notari
956 851 1054 886 non
1079 837 1211 899 poffe
1231 873 1244 893 ‚
1285 855 1401 890 cum
1425 840 1707 906 digniorem
1734 841 1885 892 Fran·

100 908 290 962 cilcum
312 907 598 970 praeeligere
621 905 849 966 nequiret
870 908 1187 965 reprobatum
1209 909 1267 958 ab
1294 908 1751 962 Examinatoribns.
1770 910 1880 962 Ne-

96 989 179 1045 gat
210 970 521 1030 Franciscum
556 972 618 1023 de
648 972 927 1024 Ambrofio
965 977 1185 1037 praestare
1227 977 1547 1041 qualitatibus
1564 1016 1580 1038 ,
1618 976 1696 1029 sed
1734 995 1871 1035 pares

34 1108 42 1114 Α
93 1050 188 1100 effe
227 1040 528 1098 censendos,
564 1040 791 1094 dofftrina
819 1043 941 1092 vero
977 1059 1094 1094 eum
1129 1045 1224 1095 effe
1266 1044 1556 1100 inferiorern
1586 1066 1598 1101 ε
1637 1050 1874 1102 Civicam

91 1113 274 1182 spernit
311 1112 602 1175 qualitatem
627 1146 640 1169 ,
676 1122 870 1162 aetatem
909 1113 1197 1174 graviorem
1217 1153 1231 1174 ,
1265 1113 1307 1165 8(
1333 1134 1532 1169 munera
1555 1117 1826 1169 Sacerdoti?
1855 1154 1871 1177 ‚

90 1187 139 1238 &
159 1179 451 1236 Confeffarii
470 1180 693 1245 longiori
714 1192 948 1242 tempore
969 1198 993 1232 a
1013 1181 1270 1234 Franciseo
1293 1188 1419 1250 gesta
1444 1204 1567 1239 znon
1594 1189 1741 1243 licere,
1763 1187 1872 1238 Lai-

92 1256 162 1306 cis
186 1267 212 1302 a
232 1249 572 1315 praeelefflone
592 1248 949 1312 Episcoporum
979 1266 1254 1311 provocare
1277 1289 1290 1306 ,
1331 1271 1491 1319 neque
1530 1258 1624 1307 effe
1663 1256 1870 1308 audien-

92 1323 213 1374 dum
233 1320 508 1386 Syndicum
530 1353 544 1376 ‚
584 1335 699 1370 cum
732 1318 942 1381 Populus
968 1321 1244 1373 Antonium
1269 1323 1388 1373 odio
1409 1341 1506 1375 non
1528 1329 1870 1391 prosequatur,

92 1392 174 1444 sed
217 1389 439 1440 laudibus
474 1390 540 1439 ob
579 1390 702 1440 bene
731 1390 918 1453 gestum
939 1390 1208 1441 OEconomi
1242 1409 1422 1445 munus
1443 1432 1457 1446 .
1490 1395 1739 1448 iudicium
1768 1396 1866 1447 erit

95 1460 196 1511 EE.
217 1458 309 1521 ΡΡ,
327 1493 340 1515 ,
363 1469 414 1509 ut
434 1458 534 1509 duo
555 1492 571 1514 ,
591 1475 695 1520 quae
717 1459 932 1509 diximus
952 1495 964 1514 ‚
1002 1460 1159 1510 Dubia
1181 1459 1488 1514 definiantur
1505 1501 1519 1516 .

21 1536 63 1587 l,
101 1530 188 1578 An
208 1529 378 1594 constet
396 1531 451 1577 de
469 1528 701 1578 nullitate
718 1530 963 1590 concursus
981 1534 1033 1579 in
1050 1532 1157 1592 casu
1176 1533 1282 1586 ὡς.

19 1605 91 1656 ll,
125 1600 176 1646 A
185 1618 213 1647 n
234 1600 404 1663 constet
426 1601 479 1649 de
511 1600 845 1648 irrationabili
860 1597 1181 1659 praeeleffione
1208 1601 1553 1668 Archieptfiopi
1574 1641 1589 1665 ‚
1638 1603 1699 1657 (ἐν
1718 1600 1865 1662 cuifit

226 1669 547 1737 adjudicanda
569 1668 866 1718 parochialis
884 1670 935 1718 in
950 1671 1054 1733 casu
1075 1671 1183 1726 &aa

157 1877 241 1929 Ad
266 1879 303 1930 l.
325 1873 578 1941 Negative
601 1915 614 1937 ‚
647 1874 690 1926 8(
718 1873 930 1938 amplius
957 1913 970 1926 .
1012 1874 1093 1927 Ad
1117 1878 1177 1928 lt.
1198 1875 1448 1938 Negative
1471 1912 1484 1935 ,
1521 1875 1565 1929 8(
1605 1877 1699 1928 effe
1722 1872 1863 1936 adju-a

14 1947 288 2002 dicandam
311 1945 663 2000 Parochialem
684 1943 920 2000 Antonio.
939 1947 1128 2005 Faenza
1151 1982 1166 2008 ‚
1208 1946 1253 1999 8(
1276 1944 1487 2012 amplius
1504 1980 1520 1997 .

162 2297 441 2353 EPESlNA
468 2319 479 2355 :
517 2301 598 2353 Ad
623 2299 923 2357 concursum
961 2298 1202 2353 inditium
1228 2298 1309 2350 die
1329 2315 1378 2357 4.
1399 2296 1701 2350 Decembris
1724 2293 1861 2358 stipe-

179 2370 314 2421 riore
330 2388 460 2422 anno*
492 2380 638 2437 1756.
664 2390 753 2437 pro
788 2373 983 2424 vacanti
1009 2368 1278 2421 parochiali
1307 2368 1513 2418 Ecclesia.
1536 2367 1583 2416 S.
1602 2365 1859 2416 Laurentii

84 2436 259 2489 Terrae
280 2441 522 2490 Formeili
557 2455 773 2503 quatuor
797 2451 1038 2492 venerunt
1067 2470 1082 2494 ‚
1100 2438 1202 2488 duo
1222 2434 1446 2498 ejusdem
1484 2435 1661 2487 Terrae
1682 2435 1858 2485 Sacer-

83 2507 174 2556 dos
195 2507 479 2560 Alexander
500 2509 666 2560 Piordi
685 2544 697 2560 ,
715 2510 757 2559 8(
774 2509 1109 2561 Subdiaconus
1136 2506 1387 2557 Antonius
1407 2505 1712 2569 Ciavarrini:
1737 2503 1859 2554 Duo

79 2574 234 2624 ex'teri
261 2577 496 2628 Sacerdos
512 2575 684 2643 joseph
702 2575 951 2631 Cianflom
973 2572 1259 2627 Dioeceseos
1284 2572 1468 2625 Sanfftae
1491 2574 1735 2624 Severinae
1756 2610 1771 2635 ‚
1809 2570 1859 2625 8(

80 2643 325 2696 Sacerdos
359 2646 606 2699 Fabricius
656 2645 942 2712 Paolang'eii
993 2640 1286 2696 Dioeceseos
1311 2639 1538 2694 Barenfis
1575 2677 1591 2692 .
1626 2640 1856 2693 Periculo

81 2707 211 2763 fafto
246 2715 292 2765 in
317 2717 552 2778 responsis
588 2716 647 2768 ad
671 2713 804 2769 casus
826 2715 1139 2780 propositos,
1182 2716 1226 2764 &
1252 2715 1299 2762 in
1321 2713 1645 2764 conciuncula
1668 2746 1681 2766 ‚
1725 2705 1858 2762 solus

11 2825 14 2828 .
77 2784 138 2832 ab
162 2781 601 2836 Examinatoribus
621 2788 922 2851 approbatus
963 2781 1060 2836 fuit
1082 2781 1417 2833 subdiaconus
1445 2779 1698 2832 Antonius
1735 2780 1855 2831 Cia-

77 2854 263 2903 varrini
289 2891 305 2914 ‚
342 2856 477 2916 quod
501 2872 616 2906 cum
658 2855 1010 2906 renunciatum
1054 2851 1207 2905 fuerit
1232 2847 1477 2916 Episcopo
1496 2847 1685 2900 absenti
1714 2884 1726 2907 ,
1769 2850 1851 2900 hic

74 2922 315 2972 eumdem
334 2923 706 2976 Subdiaconum
748 2923 998 2988 praeeletgit
1020 2938 1260 2989 tamquam
1283 2926 1408 2971 inter
1442 2936 1646 2987 quatuor
1667 2934 1855 2969 concur-

76 3004 235 3042 rentes
254 2996 403 3058 magis
445 2998 659 3044 idoneum
679 3031 694 3055 ‚
742 2998 803 3050 ὠ·
825 2997 882 3044 ab
910 2995 1326 3043 Examinacoribus
1360 2991 1678 3058 Synodalibus
1712 2986 1852 3037 unic?

73 3065 375 3126 approbatum
395 3097 408 3119 ‚
446 3079 503 3114 ea
521 3076 688 3115 tamen
708 3062 893 3125 adjeeta
918 3098 930 3119 ‚
968 3060 1264 3115 conditione
1284 3096 1298 3119 ‚
1333 3060 1619 3111 dummodo
1647 3060 1848 3107 veniam

73 3129 231 3200 aetatis
254 3133 542 3196 impetraret
565 3149 591 3182 a
614 3130 946 3184 Sacratiffimo
993 3132 1211 3194 Principe
1232 3130 1398 3183 nostro
1421 3168 1437 3190 ,
1477 3128 1737 3179 eratenim
1765 3141 1851 3175 an-

75 3212 166 3249 nos
185 3213 326 3252 natus
345 3200 525 3267 viginti
546 3204 669 3254 duos
688 3238 702 3253 .
721 3203 776 3253 ld
799 3202 880 3253 ubi
907 3200 1099 3253 rescivit
1119 3200 1357 3253 Sacerdos
1379 3196 1659 3262 Paolangeli
1686 3193 1848 3257 appel-

75 3265 319 3321 lationem
342 3271 666 3335 interposuit,
706 3273 782 3325 cni
805 3271 996 3322 adhaefit
1034 3270 1272 3321 Sacerdos
1298 3266 1465 3320 Piordi
1496 3303 1509 3323 ‚
1542 3269 1661 3316 itaut
1687 3261 1841 3313 Causa

75 3338 260 3400 triplici
283 3341 559 3392 certamine
581 3353 750 3404 agatur
773 3380 785 3390 .
809 3342 915 3390 Post
938 3352 1131 3402 recepta
1148 3338 1248 3390 at'sta
1270 3332 1535 3391 concursus
1559 3374 1573 3396 ‚
1609 3333 1651 3382 8(
1680 3332 1844 3382 Dubia

75 3401 341 3471 subscripta
363 3444 377 3467 ‚
407 3425 565 3460 novas
583 3411 733 3462 Sacro
769 3415 884 3461 huic
909 3409 1169 3462 Tribunali
1212 3420 1382 3472 preces
1399 3403 1585 3456 obtulit
1605 3401 1843 3452 Sacerdos

72 3471 357 3543 Paolangeli
380 3512 394 3532 ,
423 3481 600 3544 quibus
622 3486 914 3542 querebatur
935 3479 994 3529 de
1013 3474 1256 3540 Episcopo
1274 3474 1521 3537 Nepesino
1542 3508 1553 3525 ‚
1598 3471 1731 3535 quod
1756 3486 1844 3547 ve·

71 3545 206 3611 niam
228 3548 371 3599 Sacra
391 3549 570 3613 agendi
594 3587 610 3611 ‚
647 3548 689 3599 8(
716 3548 992 3610 excipiendi
1011 3546 1399 3598 Sacramentales
1420 3538 1765 3616 Confessiones
1793 3556 1840 3589 in

67 3613 383 3673 suaDioecefi
406 3618 450 3666 ei
472 3618 748 3686 denegaffet
765 3656 780 3672 .
812 3618 1028 3671 Auditus
1048 3617 1110 3665 de
1132 3616 1204 3667 his
1222 3617 1365 3668 novis
1385 3613 1612 3677 precibus
1638 3610 1842 3675 Episco-

209 3685 528 3740 Tom.XXVI.
1060 3682 1115 3737 K
1732 3693 1839 3742 pus,
