2571 4002
411 182 520 291 aies,
555 238 707 297 agnita
739 235 819 280 soli
850 233 1088 288 ubertate,
1132 234 1316 295 caelique
1352 229 1715 292 temperatione,
1748 232 2043 285 excide-runt,
2079 236 2121 282 ἀ
2153 236 2360 302 Pagum,

412 299 487 353 seu
505 334 519 351 ,
551 310 601 344 ut
621 299 759 358 vulgo
777 296 1016 342 dicebatur
1037 299 1184 354 ἀκρίς
1202 297 1248 342 di
1272 298 1399 353 Bosco
1417 293 1695 349 aedificarunt
1713 323 1727 338 ·
1761 294 1883 341 Cum
1903 298 2076 344 veroin
2096 299 2188 346 illis
2212 318 2357 354 rerum

413 363 612 407 omnium
631 357 844 420 angustiis
862 372 955 403 non
974 356 1141 416 poffent
1161 357 1377 420 ¹Episcopi
1399 357 1571 406 Nolani
1605 355 1871 402 Tridentini
1890 362 2123 421 praeceptis
2137 365 2359 426 obsequi,

414 424 456 469 &
476 436 638 467 novam
657 419 923 476 Parochiam
943 421 989 465 in
1010 421 1283 481 amplissimo
1301 420 1386 467 illo
1402 416 1925 475 latifundioconstituere
1944 455 1958 472 ‚
1991 436 2041 469 ut
2060 425 2220 486 Populi
2255 428 2355 477 suc-

411 484 654 537 crescentis
672 494 1025 546 curamgereret
1047 517 1061 537 ,
1096 483 1233 531 satius
1251 487 1471 531 duxerunt
1491 483 1622 530 illam
1638 480 1892 531 concedere
1911 519 1924 535 ,
1956 485 2001 536 ὃς
2034 494 2357 542 commendare

411 545 621 593 viciniori
643 546 857 592 Parocho
872 545 1037 598 Turris
1068 547 1372 596 Annuncia-tae
1393 579 1406 598 ,
1439 563 1461 592 a
1484 563 1569 611 qua
1588 545 1732 607 Pagus
1756 545 1833 592 ille
1869 546 2059 600 distabat
2076 549 2217 599 tribus
2255 554 2355 614 pas.

414 607 543 662 suum
560 608 765 663 ‘millibus
784 638 804 662 r.
840 608 1011 659 Scimus
1030 607 1113 657 hoc
1131 626 1187 657 ex
1206 610 1426 657 relatione
1443 609 1650 672 Episcopi
1670 644 1683 661 ‚
1719 610 1760 655 ὅ(
1796 608 2004 668 Capituli
2040 610 2214 660 Nolani
2253 618 2355 665 data

414 672 466 716 ad
484 672 569 718 Sac
600 671 1017 732 Congregationem
1055 673 1373 735 Episcoporum
1394 710 1406 727 ‚
1441 674 1484 728 ὅ(
1520 671 1824 735 Regu'larium
1859 674 2118 736 Negociis,
2152 676 2193 721 δι
2224 677 2354 726 Con-

412 732 731 780 saltationibus
750 733 1034 795 praepositam
1053 750 1176 784 anno
1202 739 1336 798 1653.
1357 737 1476 784 Cum
1493 737 1615 789 enim
1633 750 1688 783 ex
1707 735 2004 795 cognitiffima
2046 737 2145 785 Con
2155 738 2351 792 stitutio-

415 810 473 840 ne
494 793 748 842 lnnocentii
771 794 836 851 X.
853 795 1086 846 Pontificis
1106 799 1300 847 Maximi
1319 834 1332 852 ,
1360 800 1492 857 cujus
1512 798 1697 853 initium
1715 800 1778 852 est
1809 799 2104 855 Instaurandae
2145 802 2352 864 suppressi

413 856 598 917 fuissent
617 859 664 905 in
683 858 881 915 Dioecefi
907 860 1088 910 Nolana
1109 875 1203 910 tres
1218 862 1351 926 parvi
1366 864 1635 914 Conventus
1655 896 1669 915 ,
1699 862 1833 916 Sacra
1847 861 1929 910 illa
1947 861 2259 926 Congregatio
2278 882 2355 916 au.

413 920 510 965 dire
530 920 674 969 voluit
702 921 967 984 Episcopum
988 959 1000 976 ,
1032 923 1402 989 Capitulumque
1423 926 1687 979 Nolanum,
1721 939 1771 972 ut
1790 925 1972 980 resciret
2003 941 2164 980 eorum
2200 930 2352 978 confi-

414 982 526 1028 lium
542 983 599 1029 de
619 985 750 1031 bonis
771 984 912 1032 trium
948 986 1135 1042 illorum
1167 989 1527 1037 Conventuum.
1557 987 1913 1049 Responderunt
1947 1002 2100 1037 autern
2135 1005 2190 1036 ex
2225 990 2354 1041 bonis

410 1048 546 1092 unius
578 1063 634 1094 ex
664 1046 756 1094 illis
773 1082 803 1101 ‚‚
838 1047 995 1095 eutile
1022 1084 1036 1101 ,
1063 1066 1088 1096 e
1113 1051 1361 1099 necessario
1398 1051 1615 1105 fondarne
1651 1067 1739 1097 una
1772 1052 1939 1099 Chiesa
1976 1051 2248 1106 Parochiale
2280 1057 2351 1104 nel

418 1144 447 1162 „
480 1108 638 1155 Casale
657 1110 706 1156 di
729 1109 868 1158 Bosco
886 1145 898 1162 ,
932 1113 1066 1165 lacui
1082 1113 1203 1162 Cura
1222 1114 1270 1160 di
1290 1115 1438 1162 anime
1466 1115 1495 1161 si
1520 1127 1650 1161 trova
1683 1114 1884 1168 concessa
1899 1149 1913 1168 ,
1932 1130 1957 1161 e
1978 1116 2294 1171 commendata
2311 1119 2352 1168 al

415 1205 445 1225 ‚,
484 1171 822 1227 Parochodella
844 1172 990 1225 Terra
1014 1174 1425 1225 dell'Annunziata
1447 1177 1633 1225 distante
1654 1191 1719 1224 tre
1735 1178 1934 1240 miglia,e
1957 1194 2032 1238 per
2050 1178 2098 1238 la
2113 1176 2234 1236 steffa
2252 1179 2354 1233 loh-

409 1268 438 1289 ,‚
475 1246 665 1280 tananza
685 1251 773 1282 non
792 1239 884 1297 puo
902 1238 1161 1296 attendervi
1185 1276 1196 1293 ,
1231 1256 1255 1286 e
1274 1241 1307 1287 il
1331 1241 1501 1291 Ponolo
1518 1240 1565 1286 di
1583 1238 1720 1286 Bosco
1752 1239 2060 1300 moltiplicato
2082 1241 2279 1289 d'anime
2299 1259 2352 1295 ne
2414 1256 2419 1258 ’

415 1332 447 1350 .,
483 1297 650 1357 patisce
686 1299 1059 1355 notabilmente„
1077 1333 1091 1348 .
1109 1303 1310 1365 Episcopi
1332 1339 1344 1356 ,
1381 1304 1422 1351 &
1459 1303 1670 1364 Capituli
1690 1304 1865 1350 Nolani
1886 1303 2127 1350 confilium
2145 1305 2352 1365 probavit

412 1362 544 1407 Sacra
560 1360 639 1407 illa
659 1361 998 1425 Congregatio,
1034 1367 1073 1412 δι
1100 1365 1362 1428 Apostolica
1386 1366 1666 1413 authoritate
1684 1365 1979 1414 confirmavit
1998 1366 2207 1414 Summus
2232 1367 2351 1416 Pon—
2396 1400 2402 1405 ⁷-

411 1422 528 1470 tisex
542 1455 558 1470 .
593 1425 831 1486 Ignoratur
849 1439 1000 1474 autem
1020 1461 1035 1480 ,
1069 1445 1156 1491 qua
1173 1430 1347 1477 ratione
1363 1431 1523 1477 erectio
1544 1444 1670 1476 novae
1691 1428 1961 1477 parochialis
1980 1429 2095 1475 faCta
2116 1443 2205 1476 non
2251 1430 2357 1478 fue-

413 1487 752 1541 ritbonisillis,
784 1489 899 1537 itaut
918 1489 1144 1539 Parochus
1166 1492 1329 1541 Turris
1351 1493 1683 1544 Annunciatae,
1721 1493 1800 1554 qui
1834 1507 1894 1539 ex
1927 1490 2109 1545 Ordine
2143 1491 2352 1547 Caelesti-

410 1564 569 1596 norum
586 1550 647 1597 est
668 1584 682 1602 ,
713 1565 867 1599 curam
883 1552 988 1600 novi
1009 1556 1140 1613 huius
1161 1556 1312 1616 populi
1333 1553 1620 1617 prosequutus
1646 1554 1814 1607 fuerit.

347 1612 485 1674 Qod
500 1612 660 1661 scimus
677 1613 738 1665 est
754 1648 767 1667 ,
801 1618 932 1663 autito
951 1617 996 1663 in
1013 1620 1107 1673 dies
1129 1621 1396 1666 Accolarum
1415 1633 1603 1666 numero
1622 1619 1739 1665 ultra
1762 1616 1963 1666 infinitas
1982 1631 2094 1674 pene
2117 1616 2238 1666 casas
2258 1651 2273 1677 ,
2313 1620 2357 1668 δι

411 1676 605 1737 mapalia
622 1677 816 1735 dispersa
837 1679 925 1725 huc
943 1680 1053 1728 illuc
1067 1696 1143 1742 per
1164 1682 1514 1740 amplitudinem
1550 1681 1745 1728 latissimi
1766 1681 1891 1727 illius
1912 1679 2145 1732 latifundii
2163 1681 2319 1733 decem
2341 1718 2356 1738 ,

411 1739 574 1786 &octo
589 1739 913 1798 milliariorum
934 1778 947 1797 ,
979 1745 1090 1791 alios
1107 1758 1305 1806 quatuor
1327 1746 1463 1807 Pagos
1497 1761 1521 1792 a
1554 1745 1742 1791 collecta
1775 1743 2068 1796 multitudine
2105 1742 2349 1796 aedificatos

410 1800 538 1849 fuisse
556 1836 570 1854 ,
596 1819 787 1866 quorum
803 1820 914 1852 unus
932 1821 1217 1870 nuncupatui·
1233 1811 1280 1857 la
1299 1815 1506 1857 Taverna
1538 1811 1585 1856 di
1623 1808 1742 1869 Bassa
1759 1841 1773 1860 ‚
1808 1807 1925 1855 alius
1964 1815 2051 1854 San
2079 1811 2351 1872 Francel‘co„

412 1865 529 1913 alius
547 1868 585 1913 il
597 1868 857 1925 Piscinale,·
889 1868 1004 1916 alius
1016 1872 1086 1934 gl’
1105 1877 1316 1935 Aquim‘3
1346 1872 1530 1934 quintus
1551 1885 1662 1919 vero
1682 1906 1694 1924 ‚
1724 1872 1803 1934 qui
1825 1870 2030 1919 omnium
2050 1871 2232 1940 primus.
2248 1870 2354 1926 fuit,

409 1940 587 1975 mutato
605 1930 754 1977 veteri
775 1931 958 1987 nomine
981 1936 1132 1992 Casale
1149 1938 1193 1982 dz'
1215 1940 1338 1996 Bosco
1357 1937 1410 1982 ad
1428 1934 1660 1982 vitandam
1678 1932 1990 1982 confusionem
2029 1950 2132 1982 cum
2164 1934 2263 1982 alio
2281 1935 2358 1983 vi-

410 1992 518 2039 cino
539 1994 686 2049 casale
710 1997 755 2040 di
771 1997 905 2053 Bosco
927 2030 939 2048 ,
972 1996 1049 2043 seu
1076 2000 1205 2057 Bosco
1223 2011 1297 2050 tre
1315 2000 1426 2056 Case
1445 1997 1528 2044 fito
1564 1997 1609 2043 in
1646 1995 1973 2045 Archidioecefi
2009 1998 2351 2060 Neapolitana,

410 2069 436 2099 a
454 2053 644 2101 nomine
663 2058 805 2114 totius
823 2056 1079 2109 Territorii
1099 2063 1226 2119 Bosco
1245 2064 1407 2125 Regale
1428 2060 1690 2124 appellatur
1710 2093 1724 2108 .
1758 2059 1944 2108 Distant
1977 2057 2023 2106 hi
2054 2060 2163 2122 Pagi
2197 2061 2251 2106 ab
2277 2061 2358 2109 Ec-

409 2116 542 2164 clefia
563 2118 818 2175 parochiali
851 2120 1011 2170 furris
1034 2126 1274 2173 Annuncia
1289 2114 1343 2174 t‘ae
1365 2161 1379 2179 ,
1416 2125 1498 2172 alii
1535 2127 1676 2172 tribus
1695 2158 1708 2178 ,
1741 2124 1821 2171 alii
1851 2135 2075 2185 quatuor,
2108 2123 2187 2170 alii
2215 2125 2353 2186 quin·

411 2197 498 2243 que
518 2180 722 2231 millibus
737 2183 935 2238 passuum
957 2221 970 2238 ‚
1003 2188 1047 2234 &
1066 2188 1174 2234 licet
1197 2189 1350 2237 Patres
1395 2189 1579 2236 Ordinis
1605 2187 1948 2236 Caelestinorum
1965 2219 1980 2239 ‚
2005 2202 2029 2233 e
2047 2201 2240 2255 quorum
2267 2202 2350 2238 nu-

409 2258 560 2297 mero,
593 2258 642 2293 ut
660 2248 855 2305 diximus
877 2281 888 2298 ‚
916 2248 979 2297 est
999 2251 1222 2298 Parochus
1250 2251 1413 2300 Turris
1435 2251 1735 2303 Annunciatte
1758 2285 1771 2304 ,
1809 2250 2039 2300 retineant
2075 2262 2121 2296 in
2159 2248 2348 2296 Ecclesia

409 2310 452 2355 S.
474 2308 730 2365 Francisci,
769 2327 865 2373 quae
888 2311 967 2359 fita
982 2312 1043 2360 est
1064 2314 1107 2361 in
1127 2330 1219 2362 uno
1233 2332 1286 2363 ex
1324 2316 1379 2365 iis
1401 2314 1598 2376 quinque
1637 2314 1765 2376 Pagis
1784 2347 1798 2366 ,
1850 2327 2038 2374 quaeque
2066 2313 2265 2381 pertinet
2294 2311 2381 2358 ad:

409 2371 562 2419 Patres
583 2372 927 2422 Conventuales
949 2377 976 2423 S
1010 2375 1484 2426 Laurentiicivitatis
1524 2376 1774 2436 Neapolis,
1806 2392 1945 2424 unuin
1975 2390 2032 2421 ex
2073 2374 2231 2426 iisdem
2263 2373 2348 2425 Pa-

411 2434 562 2481 tribus
582 2435 980 2487 Conventualibus
1003 2476 1015 2493 ,
1040 2441 1183 2502 quiin
1207 2441 1419 2489 universo
1458 2441 1537 2487 illo
1575 2439 1822 2487 latifundio
1842 2475 1853 2493 ‚
1889 2440 1930 2485 δι
1966 2439 2163 2508 quinque
2199 2438 2304 2506 lepis
2326 2466 2342 2492 ρ

412 2511 510 2557 quae
529 2502 574 2544 in
595 2514 650 2546 eo
667 2500 765 2547 sunt
782 2536 795 2553 ‚
826 2504 1077 2550 oeconomi
1095 2504 1293 2552 officium
1319 2516 1531 2555 exercet,
1550 2503 1702 2550 divisis
1719 2503 2039 2551 emolumentis
2055 2532 2070 2551 ‚
2105 2500 2338 2570 &juribus

411 2559 530 2607 inter
550 2563 704 2610 Patres
725 2563 987 2622 Caelestinos
1005 2602 1018 2619 ,
1053 2568 1093 2614 &
1119 2568 1437 2616 Oeconomum
1456 2602 1468 2620 ,
1503 2581 1592 2612 non
1609 2565 1749 2625 potest
1764 2580 1914 2612 tamen
1952 2564 2019 2611 his
2037 2563 2254 2631 omnibus
2285 2563 2346 2607 il·

408 2621 557 2672 lorum
573 2625 845 2687 populorum
876 2629 1208 2679 necessitatibus
1225 2645 1498 2682 occurrere,
1533 2629 1654 2676 unde
1689 2629 1887 2689 plurima
1921 2629 1967 2675 in
2002 2626 2094 2673 dies
2125 2632 2343 2690 eveniunt

411 2685 618 2734 scandala
635 2723 648 2740 ,
683 2690 884 2751 pericula
904 2693 1175 2745 Animarum
1196 2730 1207 2746 ,
1236 2695 1282 2740 8<
1307 2692 1472 2740 Divini
1490 2691 1656 2740 Cultus
1675 2692 1919 2739 diminutio
1939 2721 1954 2736 .
1987 2686 2176 2736 Ecclesia
2201 2685 2344 2755 ⁸liqui-

410 2748 518 2796 dem
537 2750 612 2797 illa
629 2753 668 2808 S.
691 2754 915 2811 Francisci
931 2790 944 2807 ,
976 2755 1023 2802 in
1043 2771 1129 2818 qua
1146 2757 1209 2804 est
1232 2757 1528 2803 oeconomus
1544 2789 1558 2806 ,
1594 2770 1696 2802 cuin
1734 2770 1826 2802 non
1848 2753 2040 2801 excedat
2073 2748 2344 2816 ampli-tudi-

416 2825 518 2857 nem
531 2819 724 2876 privati
738 2818 937 2872 cubiculi
953 2854 967 2872 ,
1002 2818 1267 2878 impossibile
1285 2819 1348 2868 est
1366 2854 1379 2871 ,
1411 2830 1461 2864 ut
1476 2820 1693 2880 excipere
1713 2818 1844 2878 possit
1863 2816 2080 2880 populum
2101 2847 2114 2864 2
2140 2824 2218 2874 (ιω
2233 2822 2346 2878 quq·
2417 2883 2419 2885 Ι

414 2875 523 2921 tidie
540 2879 758 2936 excrescit
774 2916 787 2935 ‚
815 2880 857 2926 δι
878 2880 1091 2942 proximo
1108 2882 1240 2928 censu
1260 2894 1520 2929 numeratus
1538 2879 1626 2927 fuit
1649 2881 1707 2925 ad
1719 2881 1892 2942 Capita
1905 2878 2136 2938 plusquam
2153 2875 2238 2920 duo
2255 2884 2347 2940 mi-

417 2937 504 2983 lia:
545 2940 649 2995 hi'ne
662 2957 764 2995 eum
788 2942 847 2989 ad
868 2943 1112 2991 audiendas
1133 2945 1476 3007 praedicationes
1499 2978 1512 2996 ,
1539 2943 1903 3005 explicationem
1916 2941 2057 2988 Sacri·
2080 2933 2346 3001 Evangelii3

413 3000 457 3046 &
479 3000 787 3062 Cathecheses
810 3021 900 3061 non
921 3006 1056 3068 possit
1078 3010 1122 3054 in
1139 3023 1188 3053 ea
1208 3007 1409 3068 Populus
1423 3006 1650 3055 contineri
1673 3042 1685 3060 ,
1716 3007 1991 3067 consequens
2010 3000 2071 3048 est
2089 3035 2101 3051 ‚
2138 3010 2187 3046 ut
2224 3007 2349 3064 puer!

414 3061 506 3121 ipsa
546 3066 664 3114 Fidei
695 3069 959 3124 rudimenta
992 3069 1229 3131 ignorent,
1253 3072 1301 3118 ’δι
1324 3069 1522 3131 Populus
1558 3069 1789 3123 universus
1825 3068 1949 3121 rudis
1965 3063 2046 3117 sit,
2075 3063 2117 3109 &
2157 3071 2347 3106 maxum

412 3124 705 3189 Dogmatum
724 3132 1010 3193 ignoratione
1031 3132 1265 3181 versetur.
1301 3133 1448 3196 quue
1471 3133 1620 3178 locum
1634 3132 1770 3179 habet
1791 3166 1805 3184 ‚
1836 3130 1972 3198 etiam
1990 3126 2019 3181 si
2035 3122 2175 3186 postet
2191 3127 2346 3173 0660·-

415 3203 574 3236 nomus
593 3193 662 3239 his
680 3194 840 3242 officiis
860 3195 1120 3242 incumbere
1139 3232 1152 3250 ,
1193 3209 1239 3242 at
1259 3212 1362 3263 cum
1377 3196 1608 3243 distractus
1622 3193 1674 3241 fit
1692 3211 1715 3240 a
1736 3209 1841 3247 cura
1862 3203 2107 3259 animarum
2129 3179 2347 3254 numetofi

417 3250 575 3311 Populi
592 3256 838 3309 habitantis
856 3257 902 3304 in
924 3257 1125 3324 quinque
1140 3260 1326 3308 diverlis
1341 3259 1473 3320 Pagis
1491 3294 1504 3311 ‚
1538 3258 1579 3304 81
1598 3258 1645 3303 in
1661 3257 1767 3303 casis
1785 3290 1798 3308 ,
1837 3256 1879 3302 δι
1903 3250 2156 3311 mapalibus
2185 3246 2346 3306 disper-

419 3312 471 3358 sis
494 3331 568 3374 per
586 3319 929 3378 amplitudinem
948 3320 1208 3375 latifundii,
1243 3335 1380 3382 atque
1396 3322 1484 3373 huc
1508 3320 1619 3373 illuc
1634 3318 1878 3375 neceffario
1897 3314 2107 3383 cursitare
2125 3319 2314 3371 cogatur
2332 3340 2347 3361 ι

419 3390 508 3423 non
529 3380 669 3435 potest
690 3382 1028 3441 praedicationes
1051 3419 1062 3435 ,
1095 3383 1399 3438 cathechesim
1421 3418 1435 3437 ‚
1467 3382 1645 3445 aliaque
1663 3382 1816 3431 munia
1832 3373 2118 3429 Parochialia
2132 3371 2312 3441 explere
2332 3398 2350 3418 ο

353 3431 477 3482 Illud
492 3440 628 3487 etiam
646 3446 819 3492 accedit
837 3481 851 3499 ,
891 3447 1007 3506 quod
1024 3461 1131 3501 cum
1152 3448 1372 3509 baptisma
1397 3446 1657 3493 conferatur
1676 3445 1720 3492 in
1741 3440 1937 3489 Ecclesia
1957 3433 2207 3485 parochiali
2226 3435 2352 3479 Tur·-

418 3500 477 3545 ris
499 3503 798 3555 Annunciatae
816 3543 829 3560 ,
860 3524 883 3553 a
903 3522 991 3570 qua
1013 3509 1119 3569 Pagi
1141 3544 1154 3562 ,
1186 3513 1231 3557 &
1251 3509 1359 3565 casae
1379 3511 1444 3556 ita
1462 3509 1631 3556 distant
1650 3543 1664 3561 ,
1697 3503 1870 3558 necesse
1901 3501 1965 3548 est
2001 3500 2204 3560 hyberno
2229 3508 2355 3564 *prat-

420 3561 574 3610 sertim
593 3577 791 3627 tempore
811 3605 825 3622 ,
861 3586 954 3629 quo
969 3572 1070 3630 gelu
1091 3575 1106 3624 3
1136 3574 1241 3620 nive
1257 3607 1270 3626 ‚
1300 3573 1468 3634 pluviis
1490 3607 1503 3625 ,
1540 3569 1780 3629 ventisque
1802 3569 1952 3633 horret
1969 3563 2130 3624 hyems
2149 3594 2163 3612 2
2196 3555 2351 3627 dlffssst

414 3640 462 3672 re
476 3642 556 3686 per
579 3628 730 3688 plures
747 3631 840 3678 dies
866 3632 1162 3692 Baptismata,
1190 3639 1230 3682 δι
1250 3636 1485 3696 expectare
1501 3633 1792 3679 clementiam
1807 3628 1961 3677 Coeli,
1994 3639 2049 3669 ne
2090 3620 2252 3669 tenelli
2285 3633 2354 3665 in-

409 3687 559 3745 fames
581 3691 640 3739 ob
657 3705 1416 3759 paupertatemparentum001111'2
1450 3695 1637 3756 injurias
1672 3691 1789 3744 aeris
1821 3689 1940 3739 male
1961 3685 2161 3746 muniti,
2193 3693 2272 3796 :iuis
2301 3681 2354 3728 in

2280 3773 2297 3796 Ι
