2571 3961
194 259 460 318 LERIEN.
494 258 703 314 Novam
745 258 1096 315 Parochialem
1121 259 1395 316 Ecclefiam
1417 256 1568 316 asolo
1605 212 1920 330 suapecu1ua⁷1
1984 262 2143 313 Sese-²4·
2163 261 2264 303 0¹⁸⁶

61 285 169 401 A
219 346 432 387 extruxn
459 333 674 394 Populus
695 331 884 394 Oppidi
908 331 1079 385 Lumii
1098 351 1153 385 ea
1175 348 1346 384 mente
1370 334 1452 395 {ut
1471 332 1602 385 inea
1624 334 1916 388 Canonico·
1984 319 2031 357 Α*
2057 315 2130 367 '‘f'·

121 424 236 461 rum
263 405 556 468 Collegium
576 401 889 459 fundaretur,
908 418 1068 465 neque
1092 407 1301 455 deerant
1324 404 1406 466 qui
1427 406 1572 457 dotes
1594 402 1916 459 conferrent.

121 481 238 530 Hoc
280 478 448 538 populi
489 473 625 523 illius
668 471 960 524 Consilium
985 489 1101 525 cum
1142 473 1393 537 Episcopo
1418 475 1666 526 collatum
1693 511 1707 531 ‚
1748 476 1922 528 landa-

121 563 331 608 tin-nque
349 549 409 596 ab
445 561 507 594 eo
528 540 619 595 fuit
643 577 657 591 .
685 543 780 593 Ubi
803 544 932 594 vero
955 544 1081 594 illud
1104 543 1305 597 rescivit
1341 544 1592 598 Parochus
1614 544 1752 597 Felix
1776 545 1920 599 Judi-

123 619 301 669 cellius
329 616 526 665 irritum
557 614 768 664 reddere
808 616 973 664 statuit
1001 647 1015 670 ‚
1054 616 1347 680 curavitque
1368 652 1385 675 ‚
1425 628 1476 666 ut
1512 615 1586 669 Jo:
1608 615 1919 668 Dominicus

123 690 364 742 Fab1anus
385 684 581 734 Sororis
605 681 693 732 suae
711 683 843 733 filius
867 719 884 744 ‚
904 682 1098 733 invenis
1111 685 1274 736 adbuc
1298 722 1313 746 ‚
1353 680 1524 746 spretis
1544 686 1744 751 legibus
1765 702 1920 737 auna-

123 775 210 810 riis
233 794 245 813 ‚
275 756 515 807 ⁴sacerdos
537 753 679 804 fieret
699 767 716 806 .·.
739 754 956 803 Romam
978 750 1095 803 inde
1118 754 1257 804 venit
1282 784 1298 808 ,
1320 752 1719 818 Parochiamque
1748 755 1921 808 eidem

125 827 391 894 refignavit
414 859 430 873 .
465 819 707 874 Discessus
742 820 953 873 Parochi
976 817 1314 885 {uspicionem
1353 821 1553 889 Populo
1580 824 1788 888 iniecit,
1830 825 1918 886 qui

117 900 351 958 curavit,
388 904 441 944 ut
463 889 894 955 impedimentum
919 894 1096 958 gratiae
1133 892 1453 946 obiiceretur
1474 931 1488 945 .
1506 894 1586 946 Bis
1615 894 1663 944 in
1685 894 1919 947 distinffis

121 966 317 1018 Officiis
336 1000 352 1024 ,
370 960 652 1024 appofitum
674 956 767 1012 fuit
787 962 912 1012 nihil
925 963 1142 1021 transeat
1163 981 1174 1017 ε
1196 962 1392 1016 Frustra
1416 975 1582 1016 tamen
1604 1000 1618 1025 ,
1644 979 1759 1015 nam
1782 962 1922 1015 Lite·
2007 966 2016 969 “

121 1053 187 1090 1·ae
223 1031 521 1097 Apostolicae
540 1029 782 1093 expeditae
804 1069 819 1094 ‚
855 1031 900 1082 8(
924 1030 1151 1082 relaxatae
1176 1030 1382 1085 fuerunt
1404 1066 1418 1082 .
1443 1032 1539 1086 His
1568 1034 1793 1084 munitus
1816 1032 1920 1087 Lu-

121 1103 285 1160 mium
308 1100 718 1154 rediitFabianus
738 1134 753 1159 ‚
789 1098 998 1153 adverso
1026 1101 1224 1170 integro
1244 1101 1432 1167 populo
1459 1119 1475 1161 ;
1501 1103 1586 1170 qui
1612 1118 1732 1154 eum
1761 1101 1919 1155 Paro-

78 1218 83 1221 ,
120 1177 273 1225 chum
296 1168 567 1237 agnoscere
586 1169 829 1222 recusavit
854 1206 868 1222 .
907 1170 1158 1231 Populum
1182 1173 1304 1224 veto
1333 1172 1483 1225 elusit
1518 1171 1761 1226 Fabianus
1778 1170 1917 1225 nafi'ta

115 1238 411 1309 poffeffione
434 1238 685 1292 Parochiae
704 1239 752 1289 in
776 1240 934 1292 veteri
955 1240 1172 1293 Ecclesia
1192 1241 1472 1294 Parochiali
1495 1278 1510 1303 ,
1540 1242 1584 1294 8(
1606 1252 1808 1293 remota
1827 1277 1841 1301 ‚
1865 1243 1917 1294 &

121 1311 235 1367 fere
255 1307 444 1363 deserta
464 1345 477 1359 .
511 1311 567 1362 ld
586 1306 669 1359 ubi
691 1310 838 1362 novit
857 1309 1066 1375 populus
1088 1348 1102 1373 ‚
1124 1314 1286 1378 magis
1305 1312 1572 1366 excanduit
1596 1328 1607 1364 :
1629 1309 1822 1362 malurn
1845 1322 1920 1362 ta-

123 1397 244 1439 men
265 1377 531 1431 cousilium
566 1390 825 1442 coeperunt
866 1378 1106 1433 Fabianus
1129 1415 1143 1438 ‚
1179 1381 1229 1432 &
1267 1381 1565 1436 Judicellius
1605 1395 1715 1433 rem
1756 1381 1915 1432 armis

124 1449 410 1515 experiendi
432 1448 699 1502 :Domum
722 1448 883 1515 igitur
903 1449 1258 1503 parochialem
1287 1448 1572 1504 invaserunt
1594 1450 1801 1502 armatis
1820 1451 1917 1501 ho-

121 1518 345 1576 minibus
362 1517 516 1584 stipati
537 1553 550 1568 .
576 1517 766 1569 Restitit
783 1521 943 1573 armis
961 1519 1173 1585 populus
1194 1557 1210 1582 ,
1229 1518 1272 1571 8(
1293 1521 1374 1572 vel
1398 1521 1515 1586 igne
1537 1560 1553 1584 ‚
1576 1518 1659 1570 vel
1679 1515 1813 1572 fame
1838 1534 1917 1583 pe·

121 1588 311 1642 riifsent
331 1587 612 1640 avunculus
633 1621 647 1644 ‚
669 1589 892 1655 &nepos
909 1626 924 1650 ‚
948 1590 1037 1641 nili
1059 1585 1376 1641 disteffiffeut
1394 1626 1408 1640 .
1434 1586 1596 1642 Causa
1617 1590 1722 1654 post
1743 1590 1913 1641 varios

117 1661 360 1712 circuitus
385 1693 398 1716 ,
414 1652 684 1722 longasque
707 1674 874 1714 moras
897 1699 913 1723 ‚
931 1673 1050 1725 quas
1073 1656 1259 1713 referre
1279 1658 1458 1714 inutile
1478 1663 1561 1715 est,
1583 1658 1642 1708 ad
1660 1659 1914 1722 judicium

121 1730 262 1782 venit
283 1723 814 1782 Eminentiffimorum
852 1730 1061 1781 Parrum
1081 1765 1094 1788 ‚
1134 1728 1181 1781 &
1201 1728 1415 1795 disputat
1455 1727 1667 1796 populus
1703 1727 1918 1790 ejicien-

120 1798 243 1851 dum
263 1796 360 1848 effe
381 1797 652 1850 Fabianum
673 1835 688 1861 ,
705 1799 787 1863 qui
806 1799 974 1864 plures
1001 1800 1178 1852 habeat
1194 1802 1422 1864 corporis
1442 1833 1455 1857 ‚
1496 1795 1757 1860 animique
1774 1793 1917 1848 defe-

121 1867 242 1926 Εὶυε,
269 1878 325 1919 ut
343 1866 668 1920 Parochianis
693 1871 922 1922 omnibus
943 1865 1133 1921 invisus
1155 1871 1345 1922 merito
1368 1871 1441 1927 fit,
1460 1862 1735 1932 praesertim
1757 1865 1916 1919 confi-

119 1937 309 1990 deratis
325 1937 693 2002 omnibus‚quae
715 1943 774 1990 ab
793 1955 857 1991 eo
877 1940 1006 2005 gesta
1029 1938 1132 1990 sunt
1152 1940 1342 1999 ante,&
1366 1940 1469 2003 post
1494 1939 1732 2001 adeptam
1757 1936 1915 1988 Paro-

123 2006 290 2059 chiam
321 2006 549 2073 .Legent
570 2019 629 2057 ea
648 2005 1037 2061 Eminentiffimi
1066 2007 1237 2061 Patres
1261 2010 1308 2061 in
1332 2007 1509 2059 libello
1535 2004 1705 2071 populi
1735 2042 1749 2056 .
1790 2005 1915 2056 Sero

125 2076 278 2130 nimis
297 2114 312 2141 ‚
349 2075 395 2128 8(
413 2079 513 2141 post
549 2077 651 2127 haec
664 2077 769 2140 jam
787 2073 968 2141 scripta
1004 2076 1146 2131 datus
1165 2079 1309 2130 nobis
1343 2075 1440 2131 fuit
1463 2093 1490 2126 a
1511 2077 1725 2128 Fabiano
1743 2073 1919 2126 Libel-

125 2146 204 2196 lus
221 2186 236 2209 ‚
275 2145 326 2196 in
349 2162 450 2210 quo
487 2147 593 2213 post
615 2145 820 2212 longam
862 2144 974 2198 fas-‘ti
1002 2148 1346 2200 narrationem
1389 2143 1711 2211 respondetur
1738 2143 1917 2208 Populi

124 2214 534 2269 difficultatibus:
560 2214 886 2268 Juventutem
928 2232 1028 2267 non
1052 2218 1244 2271 obstare
1265 2253 1278 2275 ‚
1311 2217 1430 2283 quia
1453 2219 1722 2279 impetrata
1761 2211 1918 2265 fuerit

123 2285 271 2338 venia
293 2285 446 2338 aetatis
480 2304 507 2339 a
546 2284 759 2338 Summo
781 2285 1065 2342 Pontifice3
1101 2282 1405 2340 Coecitatem
1433 2300 1534 2335 non
1578 2284 1672 2335 effe
1698 2298 1869 2334 veram
1898 2298 1917 2340 ;

119 2357 468 2424 Ignorantiam
491 2354 709 2419 excludi}
730 2359 790 2408 ab
816 2356 1045 2408 examine
1065 2371 1239 2410 coram
1267 2354 1703 2406 Examinatoribus
1726 2353 1877 2403 Urbis
1896 2367 1916 2408 ;

119 2426 444 2488 Propositum
483 2423 704 2490 denique
728 2422 968 2477 fundandi
989 2424 1284 2492 Collegium
1323 2422 1706 2476 Canonicorum
1729 2421 1777 2471 in
1815 2421 1916 2472 Ec-

123 2496 242 2547 lefia
264 2495 542 2547 Parochiali
567 2509 667 2543 non
684 2494 777 2544 esse
800 2492 1122 2558 spefiandum
1145 2529 1160 2552 ‚
1182 2494 1295 2559 quia
1317 2509 1376 2544 ex
1405 2491 1607 2551 epistola
1632 2489 1913 2540 Aleriensis

122 2563 351 2632 Episcopi
374 2564 564 2629 liqueat
581 2573 660 2613 tot
682 2563 908 2615 redditus
931 2578 1030 2614 non
1053 2562 1146 2615 ade
1159 2564 1253 2625 sse,
1277 2573 1405 2628 quot
1427 2562 1519 2614 fiut
1537 2561 1595 2613 ad
1620 2559 1911 2626 erigendam

120 2635 460 2697 Collegiatam
488 2630 744 2684 necessarii
766 2669 782 2685 .
804 2633 932 2684 Hinc
953 2632 1165 2698 postulat
1186 2633 1428 2686 Fabianus
1450 2668 1464 2690 ‚
1499 2642 1551 2681 ut
1575 2631 1711 2682 nulla
1732 2631 1913 2681 habea-

122 2716 205 2757 tur
226 2705 355 2755 ratio
390 2702 494 2754 odii
524 2701 702 2766 Populi
727 2738 741 2760 ‚
781 2703 918 2769 quod
939 2704 1183 2755 excitatus
1220 2704 1279 2755 fit
1298 2719 1324 2753 a
1345 2698 1585 2754 seditiosis
1612 2734 1626 2756 ‚
1664 2701 1709 2752 &
1730 2699 1911 2751 odium

123 2775 223 2826 fine
243 2769 383 2825 causa
404 2773 460 2824 fit
481 2808 494 2827 ‚
518 2772 686 2824 immo
706 2773 1069 2839 injungendum
1092 2774 1188 2823 effe
1211 2769 1456 2838 Episcopo
1476 2806 1490 2828 ‚
1517 2782 1569 2821 ut
1594 2769 1788 2833 praeviis
1809 2765 1912 2819 Ca-

122 2846 318 2897 nonicis
341 2841 710 2895 monitionibus
748 2843 808 2894 ad
828 2839 1240 2895 fulminationem
1281 2840 1609 2895 censurarum
1638 2837 1912 2902 procedat,

122 2916 155 2965 fi
178 2913 392 2979 Populus
412 2930 508 2963 non
525 2910 771 2976 refipiscat
796 2949 813 2976 ‚
849 2923 997 2976 utque
1015 2913 1076 2964 ad
1105 2928 1285 2964 omnes
1316 2912 1420 2962 litis
1436 2913 1541 2976 jam
1564 2923 1648 2971 per
1667 2907 1791 2958 duos
1817 2924 1910 2960 an-

124 2999 214 3035 nos
230 2983 344 3036 afi'tae
367 2979 613 3048 impensas
631 2978 911 3035 stirciendas
929 2982 1303 3036 condemnetur
1319 3014 1335 3032 .
1352 2981 1473 3034 Haec
1495 2978 1736 3032 Fabianus
1759 3013 1773 3029 .
1794 2976 1910 3031 Du·-

123 3054 261 3104 bium
283 3054 350 3102 est
370 3087 385 3101 .

57 3120 144 3173 'An
170 3162 185 3187 ‚
204 3125 266 3180 (ὂψ
288 3123 504 3189 quomodo
508 3124 573 3188 stt
584 3123 929 3191 providendum
948 3123 999 3174 in
1017 3123 1127 3188 casu
1147 3123 1256 3178 &cz

190 3329 366 3386 Dilata
386 3362 404 3394 ‚
438 3330 483 3383 8(
501 3330 560 3385 ad
584 3331 814 3387 mentem
847 3329 999 3384 firma
1037 3337 1335 3382 remanente
1365 3326 1691 3394 deputatione
1714 3321 1911 3377 Vicarii

52 3419 79 3455 a
98 3402 164 3456 D.
182 3400 475 3455 Secretario
494 3398 646 3456 eleffi
666 3438 685 3456 .

275 3643 600 3712 Tomxxrssr.
1154 3638 1178 3691 t
1215 3652 1243 3687 2
1508 3616 1518 3620 “
1814 3630 1910 3684 Die
