2571 3961
197 265 492 381 di‘ssaeggf
625 217 1041 337 8ΙξΟῙᾸΞΤΑΝΑ
1063 275 1586 335 ΟΒΟῙΝΑΤῘΟΝΙὸ
1607 296 1617 330 7:
1654 276 1872 356 Qaestio
1888 277 2035 341 thus
2052 274 2217 330 Causae
2236 279 2302 329 est
2323 276 2404 328 in-

299 409 306 418 e
440 351 455 367 “
667 369 741 407 ter
759 354 1126 405 Promotorem
1150 348 1389 402 fiscalem
1409 348 1574 400 Curiae
1597 345 1892 410 Episcopaiis
1911 345 2265 411 spoletanae‚&
2286 348 2404 397 Pro·

624 436 888 478 motorem
913 419 1158 476 Fiscaiem
1179 416 1343 469 Curiae
1365 416 1665 481 Episcopai-is
1707 417 1969 468 Amerinae
1992 415 2053 466 de
2088 416 2401 466 ordinatione

618 494 812 547 Clerici
838 492 973 543 Petri
994 487 1118 541 Dari
1133 521 1148 537 .
1181 485 1466 539 Contendit
1489 487 1770 539 Promotor
1809 485 2108 551 spoletanus
2143 483 2401 535 Ciericum

620 564 761 616 hunc
779 561 1034 625 adlSacros
1051 555 1274 609 Ordines
1294 555 1710 621 promovendum
1729 555 1825 606 efle
1839 557 1898 607 ab
1914 551 2160 618 Episcopo
2181 553 2406 616 Spoleta-

617 649 692 685 no
717 667 731 688 ‚
769 645 871 682 non
897 631 958 682 ab
981 628 1238 678 Amerino
1260 659 1277 684 ‚
1316 628 1433 690 quia
1452 638 1597 678 natus
1621 625 1678 676 fit
1701 625 1752 676 in
1775 623 1938 677 Terra
1960 621 2081 676 Viffi
2117 622 2410 676 Dioeceseos

615 700 894 767 Spoletanae
915 729 932 758 ‚
948 694 1148 764 ejusque
1165 695 1314 749 Pater
1331 734 1350 760 ‚
1377 699 1426 750 δι
1454 693 1553 762 ipse
1572 693 1805 747 Clericus
1837 694 2160 746 domicilium
2194 688 2406 751 semper,

616 767 845 838 laresoue
867 764 979 821 suos
1000 766 1264 819 habuerint
1286 766 1335 816 in
1370 766 1548 819 eadem
1592 764 1754 818 Terra
1775 798 1789 821 ‚
1827 764 2110 816 minoribus
2143 761 2406 813 ordinibus

618 838 883 908 insignitus
898 835 1057 891 fuerit
1072 839 1134 887 ab
1156 830 1402 899 Episcopo
1419 834 1697 899 spoletano
1724 868 1739 890 ‚
1762 833 1822 883 de
1843 833 2094 885 Beneficio
2113 831 2409 883 ecclesiasti-

620 929 687 964 co
705 948 721 972 ,
738 912 818 962 seu
837 904 1160 973 Cappeilania
1182 907 1231 955 in
1251 902 1468 957 Ecclesia
1485 901 1772 969 Collegiata
1801 902 1974 955 Terrae
1996 898 2117 955 Viffi
2141 903 2199 952 ab
2222 901 2410 952 eodem

621 980 900 1044 Spoletano
920 973 1168 1042 Episcopo
1186 974 1411 1038 provisus
1433 969 1586 1025 fuerit
1606 1007 1621 1031 ,
1641 971 1864 1024 examini
1887 973 2102 1037 denique
2123 969 2170 1021 se
2191 968 2410 1031 subiece-

619 1052 688 1103 rit
706 1086 720 1108 ‚
743 1060 800 1101 ut
818 1046 878 1101 ad
898 1049 1078 1101 Sacros
1095 1043 1321 1097 Ordines
1342 1053 1761 1109 promoveretur,
1782 1057 1961 1094 coram
1978 1042 2412 1094 Examinatoribus

622 1136 652 1172 a
668 1119 951 1186 spoletano
970 1111 1214 1181 Episcopo
1233 1112 1516 1181 designatis,
1538 1113 1603 1166 ita
1625 1122 1677 1164 ut
1701 1109 1762 1162 ad
1778 1110 2083 1164 afferendam
2111 1107 2417 1169 iurisdietio-

618 1205 740 1242 nem
760 1224 776 1249 ,
800 1189 1199 1253 potestatemque
1217 1183 1264 1234 in
1280 1182 1523 1236 eumdem
1542 1180 1804 1236 Clericum
1845 1179 2156 1234 conveniant
2181 1196 2272 1245 pro
2298 1180 2420 1244 Epi-

618 1259 773 1324 scopo
794 1257 1065 1321 spoletano
1080 1253 1299 1320 quinque
1320 1252 1458 1306 tituli
1474 1248 1687 1319 originis
1706 1286 1722 1309 ‚
1746 1248 2018 1310 domIcIlih.
2052 1248 2412 1308 ordinationis,

618 1326 867 1384 Beneficii
890 1366 906 1391 ,
925 1337 1076 1391 atque
1097 1322 1343 1376 examinis
1360 1357 1375 1373 .
1397 1322 1510 1376 Nec
1531 1333 1730 1374 mutare
1748 1355 1762 1379 ‚
1800 1321 1934 1386 quod
1952 1319 2145 1373 dicitur
2184 1319 2416 1371 dimisisse

620 1412 741 1451 eum
787 1394 1177 1463 Cappellaniam
1200 1392 1344 1445 illam
1365 1427 1380 1452 ‚
1414 1390 1495 1445 seu
1532 1390 1843 1444 Beneficium
1890 1390 2294 1444 Ecclefiasticum
2319 1425 2334 1449 ‚
2367 1389 2419 1440 δι

617 1469 680 1520 ab
704 1466 954 1533 Episcopo
972 1465 1228 1518 Amerino
1248 1459 1352 1518 eius
1369 1461 1620 1516 avunculo
1641 1460 1735 1512 tria
1752 1459 1997 1526 fimplicia
2018 1459 2264 1512 Beneficia
2285 1459 2425 1511 obti-

619 1536 785 1590 nuiffe
806 1572 820 1595 ‚
840 1537 970 1590 itaut
985 1534 1184 1586 ratione
1208 1531 1583 1585 Beneficiorum
1610 1535 1991 1596 promovendus
2014 1530 2071 1581 stt
2092 1532 2153 1581 ab
2174 1526 2422 1595 Episcopo

621 1605 1040 1674 Amerinojuxta
1056 1598 1440 1668 dispositionem
1462 1597 1818 1666 cognitissima·
1849 1597 2249 1652 constitutionis
2268 1602 2421 1652 lnno-

622 1677 870 1729 centianae
890 1692 980 1738 44.
999 1712 1016 1739 ,
1047 1671 1187 1736 cujus
1205 1670 1412 1725 initium
1429 1675 1498 1725 est
1514 1672 1850 1734 Speculatores
1873 1705 1888 1729 ‚
1926 1669 2044 1735 quia
2076 1683 2136 1718 ex
2156 1666 2287 1721 fasio
2322 1685 2425 1722 non

622 1749 819 1799 constet
842 1764 868 1799 a
887 1745 1100 1798 Clerico
1120 1740 1241 1795 Dati
1257 1740 1512 1794 dimissum
1537 1738 1680 1794 fuiffe
1703 1738 2014 1794 Beneficium
2030 1737 2157 1789 illud
2185 1741 2427 1792 ecclesia-

622 1815 933 1875 sticum,sive
951 1811 1336 1881 cappellaniam
1358 1812 1407 1863 in
1427 1810 1644 1864 Ecclesia
1661 1808 1951 1876 Collegiata
1973 1805 2172 1862 Viffizin
2194 1812 2306 1869 iure
2326 1826 2416 1862 ve-

624 1884 687 1939 ro
708 1920 725 1942 ‚
747 1885 861 1950 quia
881 1885 975 1938 tria
992 1883 1242 1936 Beneficia
1261 1882 1428 1935 eidem
1449 1880 1659 1932 Clerico
1687 1878 1874 1932 collata
1910 1880 1971 1931 ab
1993 1873 2239 1944 Episcopo
2267 1881 2428 1931 Ame-

626 1953 742 2010 rino
763 1968 867 2006 non
886 1955 978 2006 fint
999 1950 1329 2004 residentialia
1347 1985 1364 2008 ‚
1408 1947 1490 2001 std
1508 1949 1755 2013 simplicia
1775 1983 1789 2008 ‚
1809 1948 2115 2011 nullumque
2130 1964 2188 2000 ex
2213 1949 2269 2001 iis
2293 1945 2426 2000 suffi-

626 2023 728 2077 ciat
747 2024 808 2076 ad
825 2038 1106 2090 congruam
1124 2020 1314 2074 Clerici
1337 2017 1785 2074 substentationem
1804 2055 1820 2078 ‚
1858 2032 2025 2084 neque
2051 2016 2229 2082 poffint
2279 2018 2427 2070 simul

628 2093 761 2145 uniri
780 2093 842 2145 ad
862 2092 1103 2146 eamdem
1126 2095 1413 2159 congruam
1437 2087 1842 2142 constituendam
1867 2103 1988 2155 ‚qua
2007 2089 2068 2138 de
2092 2105 2140 2139 re
2164 2089 2261 2141 iate
2280 2089 2429 2140 difle-

629 2163 699 2215 rit
722 2160 988 2228 Episcopus
1005 2159 1301 2226 Spoietanus
1321 2160 1371 2211 in
1393 2159 1654 2211 luculenta
1676 2154 1757 2209 sua
1774 2157 1981 2222 epistola
2000 2192 2015 2207 .
2038 2162 2083 2208 A
2105 2158 2306 2211 Clerico
2328 2159 2433 2214 Da-

632 2230 674 2283 ti
697 2269 716 2295 ‚
749 2229 796 2283 &
817 2233 1120 2299 promotore
1158 2226 1333 2282 Fiscali
1369 2227 1541 2282 Curiae
1564 2227 1872 2295 Episcopalis
1891 2226 2158 2283 Amerinae
2182 2230 2306 2280 nihil
2346 2240 2431 2290 ha.

634 2299 839 2355 buimus
857 2336 875 2353 .
896 2300 1017 2353 Duo
1031 2300 1145 2352 sunt
1158 2295 1327 2351 Causae
1342 2298 1519 2360 Capita
1538 2333 1555 2350 .

570 2370 613 2425 I·
647 2368 733 2422 An
749 2371 972 2424 Clericus
987 2370 1170 2430 Petrus
1187 2368 1315 2418 Date·
1349 2369 1474 2436 poffic
1488 2369 1761 2435 promoveri
1797 2369 1861 2419 ad
1891 2368 2068 2419 Sacros
2118 2373 2327 2429 Ordines
2363 2383 2428 2431 ab

778 2440 1362 2510 EpiscopasAmerinoJeu
1374 2441 1533 2505 potius
1542 2442 1885 2506 promovendus
1906 2438 1970 2502 sit
1990 2443 2050 2489 ab
2068 2443 2285 2511 Episcopo
2311 2449 2426 2518 Spo,

776 2513 934 2565 letano
953 2515 974 2564 ?
992 2511 1052 2564 Et
1070 2519 1319 2576 quatenus
1335 2511 1396 2562 ab
1415 2504 1664 2573 Episcopo
1689 2505 1946 2560 Amerino
1964 2546 1976 2559 .

574 2578 642 2635 ΙΙ.
658 2577 742 2632 An
757 2583 1007 2650 Eptffcopus
1021 2582 1308 2649 Spoletanns
1323 2595 1545 2631 teneatur
1566 2582 1611 2631 ei
1628 2580 1817 2629 tradere
1834 2579 2024 2630 Literas
2048 2578 2415 2652 Testimoniales,

767 2655 1035 2722 [euporius
1051 2655 1267 2706 ordinari
1271 2653 1399 2720 poffit
1415 2651 1592 2720 absque
1612 2649 1749 2700 dietis
1770 2650 1954 2701 Literis
1971 2652 2025 2700 in
2040 2654 2150 2716 cqsu
2172 2658 2281 2711 &aa

715 2785 977 2864 Negative
997 2791 1059 2849 ad
1077 2791 1305 2865 primam
1320 2798 1515 2862 partem
1540 2827 1557 2858 ‚
1591 2787 1890 2846 affirmative
1907 2787 1972 2844 ad
1988 2786 2256 2849 secundam
2273 2827 2295 2861 ς

2316 3701 2437 3777 μ1Ϊ>ἱιτ
