2571 3961
121 2935 235 2992 Sefir.
267 2943 339 2979 22.
378 2936 455 2982 de·

89 3011 200 3048 eret.
218 2996 267 3042 de
289 2995 373 3052 obfi
392 3002 452 3047 ζῇν

89 3064 206 3112 evit.
225 3061 271 3106 in
288 3057 452 3107 celebr.

90 3126 221 3186 Miss.

563 245 621 276 ex
653 230 732 276 usu
752 229 969 283 liabetur,
1004 245 1054 277 ea
1075 227 1162 277 fuit
1184 233 1236 277 ad
1256 229 1403 277 nostra
1439 235 1574 293 usque
1607 242 1842 289 tempora,
1878 244 1928 280 ut
1962 233 2069 282 satis
2104 233 2211 281 effet
2232 234 2365 284 Ordo
2393 237 2509 286 Sub-

561 294 830 339 diaconatus
849 327 863 344 ‚
897 308 1000 339 nam
1019 292 1109 339 sere
1130 294 1301 353 semper
1319 295 1363 338 ln
1400 310 1456 340 eo
1472 292 1700 352 Capitulo
1718 293 1901 341 fuerunt
1919 295 2177 351 canonici,
2210 300 2288 360 qui
2317 299 2370 345 ad
2409 301 2510 347 obi·

565 368 660 401 tum
680 354 820 415 usque
852 355 899 401 in
937 356 1020 401 hoc
1051 368 1229 401 tantum
1255 355 1430 403 Ordine
1460 355 1811 418 perman-serunt
1830 392 1844 409 ,
1873 359 1916 404 &
1953 361 2071 420 quod
2106 362 2250 420 magis
2277 361 2346 408 est·
2376 363 2509 410 Prio-

563 429 737 469 ratum,
776 417 850 465 seu
873 453 886 471 ‚
919 429 967 463 ut
1006 431 1126 463 nunc
1163 429 1384 471 vocatur,
1415 418 1701 466 Decanatum
1734 421 2064 474 obtinuerunt,
2098 422 2207 469 licet
2225 423 2503 473 subdiaconi

564 491 742 526 tantum
771 479 943 531 essent,
975 478 1112 539 idque
1141 490 1240 525 tum
1277 481 1536 535 recentibus
1562 515 1577 535 ,
1611 493 1709 530 tum
1744 482 1929 532 vetustis
1967 485 2257 534 monimentis
2293 503 2507 551 compro-

561 544 694 589 batur
725 579 736 588 .
2560 555 2563 562 ’

499 607 638 655 Anne
659 611 780 668 1718.
802 603 1124 652 Vifitationem
1151 603 1276 655 illius
1296 605 1498 655 Ecclefiae
1516 619 1675 670 agente
1704 608 1815 656 clar.
1836 625 1970 661 mem.
1989 610 2235 658 Cardinali
2258 609 2501 660 Zondoda—

559 671 633 718 rio
649 702 663 719 ,
702 682 804 713 cum
821 684 879 713 ex·
893 671 994 715 octo
1011 668 1262 716 Canonicis
1282 684 1372 718 tres
1388 668 1525 717 effent
1547 672 1805 733 Presbyteri
1825 709 1837 725 ,
1869 673 1941 720 sed
1964 673 2134 735 primus
2149 671 2382 722 distractus
2397 675 2508 724 esset

558 745 742 778 munere
762 763 776 782 ,
808 733 925 791 quod
942 731 1191 779 ‘exercebat
1208 731 1476 781 Confeffarii
1497 735 1912 783 Sanfflmomalium
1932 772 1944 790 ,
1980 736 2096 783 alter
2113 737 2236 783 senio
2271 737 2502 786 confectus

558 792 667 841 esset
683 829 696 846 ,
715 794 877 841 tertius
896 810 1007 842 vero
1029 795 1260 842 servnium
1279 796 1481 857 praestare
1498 813 1590 846 non
1609 808 1842 846 teneretur
1860 834 1872 853 ‚
1890 814 1992 854 cum
2009 799 2069 848 de
2088 799 2364 856 Coadjutore
2386 817 2504 864 pro-

561 855 684 903 visus
701 854 838 911 estet,
875 857 1039 903 timens
1062 858 1152 917 ipse
1179 859 1430 919 periculum
1449 894 1462 911 ,
1485 873 1536 906 ut
1573 861 1730 920 deesset
1756 866 1998 911 canonicus
2019 898 2032 916 ,
2059 869 2137 926 qui
2163 871 2348 910 Sacrum
2377 865 2502 913 cele·-

487 977 489 979 .
562 920 700 968 brare
741 922 926 966 valeret
948 919 1141 971 statutis
1175 921 1362 975 diebus,
1397 921 1578 976 judicio
1617 916 1759 971 Sacrae
1786 923 2172 988 congregationis
2201 923 2502 975 visitationis

562 981 869 1030 definiendum
889 980 1072 1042 reliquit
1093 1013 1109 1033 ,
1147 991 1225 1029 An
1245 982 1417 1046 fingulc‘
1436 987 1642 1033 canonici
1661 997 1902 1035 teneantur
1919 1023 1933 1042 ,
1964 995 2021 1039 ἅν
2042 989 2168 1036 intra
2188 991 2303 1050 qnod
2319 1000 2505 1054 tempus

554 1046 780 1107 suscipere
802 1049 1011 1094 Ordinem
1032 1043 1426 1101 Presbyterum,
1463 1064 1514 1094 ne
1535 1047 1722 1103 Ecclesia
1760 1049 1910 1097 debito
1933 1051 2129 1111 servitio
2157 1053 2404 1110 fraudetur
2439 1054 2499 1099 ad

560 1109 752 1167 formam
783 1106 945 1157 statuti
972 1120 1068 1170 cap.
1087 1123 1134 1164 9.
1156 1106 1302 1156 Causa
1322 1126 1432 1157 vero
1450 1110 1496 1167 in
1530 1110 1694 1170 *eadem
1711 1111 1846 1157 Sacra
1863 1111 2230 1175 Congregatione
2251 1129 2500 1174 numquam

565 1169 779 1231 proposita
802 1168 884 1217 fuit
904 1205 917 1222 ,
950 1171 989 1217 &
1006 1171 1158 1233 plures
1176 1170 1400 1220 canonici
1423 1173 1467 1220 in
1509 1173 1661 1221 eodem
1687 1174 2044 1223 Subdiaconatus
2075 1177 2249 1224 Ordine
2285 1191 2501 1239 perman«

560 1228 745 1285 ierunt.
782 1239 924 1282 Anno
943 1249 1049 1281 vero
1066 1247 1190 1287 1740.
1207 1250 1311 1282 cum
1331 1239 1383 1283 ad
1403 1235 1667 1299 vigesimum
1685 1236 1894 1298 quintum
1914 1236 2062 1285 aetatis
2082 1254 2249 1286 annum
2267 1239 2497 1299 pervenis-

565 1298 632 1345 set
665 1295 921 1345 Canonicus
938 1297 1217 1357 Augustinus
1254 1297 1437 1346 Lhullie
1470 1315 1612 1361 neque
1643 1300 1763 1348 ultra
1779 1300 2163 1350 subdiaconatum
2195 1303 2248 1348 ad
2275 1301 2384 1349 alios
2414 1302 2502 1348 Sa-

564 1373 669 1407 cros
687 1360 883 1407 Ordines
901 1371 1132 1422 promotus
1152 1358 1321 1414 fuisset,
1345 1362 1486 1421 presto
1504 1364 1605 1417 fuit,
1623 1364 1699 1427 qui
1717 1362 1907 1418 ejusdem
1923 1364 2256 1416 Canonicatum
2274 1376 2503 1427 tamquam

567 1422 930 1485 Presbyteralem
948 1424 1187 1483 impetrare
1207 1439 1296 1477 non
1313 1427 1564 1479 dubitavit,
1597 1425 1668 1477 sed
1688 1425 2034 1480 contradicente
2067 1430 2222 1483 eodem
2243 1427 2504 1483 CanonicO.

571 1488 612 1532 δι
638 1488 856 1548 probante
874 1486 1205 1542 Canonicatum
1239 1503 1325 1534 non
1360 1488 1446 1535 effe
1460 1485 1823 1553 ,Presbyteralem
1840 1525 1853 1543 ‚
1887 1502 2061 1539 retenta
2083 1490 2170 1544 fuit
2198 1490 2247 1537 in
2266 1488 2506 1545 Datariaq.

567 1548 834 1613 Apostolica
865 1549 1177 1610 impetratoris
1215 1551 1489 1613 supplicatio
1508 1590 1520 1607 ,
1557 1570 1699 1616 neque
1728 1568 1940 1615 umquam
1971 1556 2173 1605 relaxata
2207 1552 2293 1601 fuit
2319 1592 2330 1603 .
2360 1553 2510 1601 Deni÷

567 1628 682 1673 que,
721 1623 770 1658 ut
804 1626 871 1659 res
908 1609 1204 1665 definiretur,
1242 1614 1614 1671 Eminentiffimus
1649 1617 1873 1665 Dominus
1892 1617 2155 1666 Cardinalis
2183 1618 2468 1681 Sacripantes
2496 1649 2512 1669 .

569 1689 674 1725 cum
707 1689 851 1738 nuper
876 1674 1069 1731 eiusdem
1090 1676 1291 1727 Ecclefiae
1314 1679 1634 1729 Vifitationem
1656 1692 1834 1745 ageret,
1868 1682 2104 1736 decrevit,
2137 1695 2188 1735 ut
2222 1717 2253 1735 ‚,
2287 1683 2510 1744 exquire-

568 1774 601 1794 „
637 1752 762 1794 retur
791 1755 815 1786 a
849 1739 1103 1787 Canonicis
1129 1742 1245 1789 intra
1277 1743 1769 1794 tnmestre‘Oraculum
1800 1746 1942 1795 Sacrae
1960 1745 2346 1813 Congregationis
2372 1743 2507 1797 Con·

569 1837 603 1859 ‚,
637 1802 732 1849 cilii
762 1799 1069 1850 Tridentini:
1113 1805 1186 1851 An
1216 1804 1391 1853 scilicet
1432 1820 1672 1859 teneantur
1701 1822 1888 1862 omnes,
1923 1810 1963 1856 &
2005 1808 2168 1870 singuli
2185 1807 2412 1858 canonici
2448 1803 2514 1854 ad-

573 1900 606 1919 „
639 1864 810 1911 sacrum
830 1865 1187 1928 Praesbyteratus
1208 1869 1421 1918 Ordinem
1441 1874 1702 1933 promoveri
1722 1873 1870 1921 facere
1892 1907 1925 1922 ‚‚
1963 1872 2059 1920 Vix
2081 1872 2220 1933 igitur
2238 1875 2392 1921 eodem
2411 1868 2511 1916 Ti-

570 1929 670 1976 tulo
686 1928 876 1975 donatus
898 1928 983 1974 suit
999 1929 1377 1981 Eminentissimus
1400 1934 1628 1983 Dominus
1649 1936 1906 1984 Cardinalis
1921 1935 2102 1982 Chisius
2121 1936 2373 1989 curavit,ut
2390 1931 2509 1980 idem

568 1992 804 2039 ,decretum
826 1993 1152 2048 adimpleretur
1168 2025 1182 2047 ,
1222 1997 1437 2044 Precibus
1459 2000 1611 2060 itaque
1633 2000 1774 2047 Sacro
1793 1998 1897 2046 huic
1917 1998 2167 2046 Tribunali
2189 1999 2358 2046 oblatis
2375 2031 2389 2050 ,
2425 1997 2509 2044 104
2536 2002 2542 2010 “

570 2068 702 2118 gatus
725 2054 808 2103 fuit
830 2057 943 2102 idem
964 2055 1340 2105 Eminentifflmus
1361 2059 1591 2110 Dominus
1610 2059 2069 2110 CardinalisChifius
2086 2098 2099 2115 ,
2133 2072 2185 2107 ut
2217 2063 2299 2109 hac
2328 2064 2383 2109 de
2417 2073 2512 2109 re)

568 2119 710 2164 animi
742 2118 806 2165 sui
842 2117 1110 2165 sententiam
1146 2122 1321 2181 aperire
1353 2123 1642 2184 dignaretur.
1683 2124 1780 2185 Ipse
1812 2124 1987 2172 censuit
2018 2123 2239 2184 cogendos
2268 2139 2425 2173 omnes
2455 2119 2512 2168 ad

576 2181 885 2234 Sacerdotium
904 2181 1233 2241 suscipiendum
1252 2217 1266 2239 ‚
1300 2186 1446 2232 Causa
1466 2203 1583 2234 nunc
1612 2188 1916 2252 proponitur,
1950 2200 2242 2252 pugnantque
2275 2187 2380 2246 hinc
2411 2186 2511 2232 inde

575 2244 658 2294 scri
667 2245 758 2304 ptis
777 2243 968 2290 Libellis
984 2243 1212 2292 Canomci
1229 2282 1240 2292 .
1279 2246 1364 2293 Vis
1386 2249 1448 2296 est
1470 2252 1515 2296 in
1537 2249 1912 2310 interpretatione
1945 2249 2207 2297 statutorum
2228 2286 2241 2304 ‚
2270 2266 2375 2296 nam
2390 2248 2510 2304 Juris

573 2308 636 2354 est
655 2323 747 2353 non
766 2306 966 2367 ambigui
987 2322 1060 2352 eos
1078 2322 1223 2368 neque
1239 2324 1295 2356 ex
1313 2309 1598 2370 dilpofitione
1617 2312 1730 2367 Juris
1749 2348 1762 2366 ‚
1797 2327 1943 2374 neque
1963 2327 2019 2359 ex
2039 2312 2161 2377 Lege
2179 2312 2506 2377 Fundationish,

568 2371 644 2418 seu
661 2370 902 2416 Erectionis
941 2370 995 2418 ad
1022 2370 1332 2417 Sacerdotium
1369 2373 1702 2436 suscipiendum
1735 2377 1878 2421 teneri
1916 2413 1925 2422 .
1965 2375 2191 2430 judicium
2232 2376 2380 2436 itaque
2414 2384 2509 2435 erit

578 2431 1039 2483 Eminentiffimorum
1059 2431 1244 2481 Parrum
1263 2468 1277 2486 2
1312 2445 1364 2481 ut
1388 2472 1403 2491 ,
1427 2453 1525 2500 quae
1545 2439 1701 2486 verior
1731 2438 1976 2491 videatur,
2013 2438 2394 2500 interpretatione
2423 2453 2509 2487 ac-

565 2509 702 2560 cepta
723 2495 941 2543 definiant
972 2531 983 2544 .
2490 2519 2493 2522 ·

506 2569 585 2609 An
607 2559 814 2611 canonici
838 2558 1032 2616 Ecclefiae
1061 2561 1314 2622 Collegiatae
1333 2569 1378 2609 S.
1397 2567 1572 2626 Angeli
1591 2569 1637 2613 in
1657 2571 1766 2613 Foro
1788 2566 1984 2623 Piscium
2017 2576 2261 2614 teneantur
2280 2566 2508 2628 suscipere

572 2625 783 2671 Ordinem
803 2625 1086 2670 Diaronatus
1106 2658 1118 2674 ‚
1153 2631 1209 2672 Θ»
1235 2624 1599 2684 Presbytemtus
1618 2632 1760 2676 etiam
1792 2632 1954 2690 vigore
1974 2626 2253 2684 statutorum
2281 2636 2299 2680 '‚
2331 2634 2390 2677 Θ*
2421 2642 2501 2674 re·

563 2688 892 2748 fermam'onum
925 2684 1123 2750 ejusdem
1147 2686 1344 2744 Ecclefiae
1381 2692 1426 2736 in
1450 2690 1550 2753 cafiae
1573 2697 1670 2744 &a
1838 2694 1841 2695 ⁷

627 2817 860 2881 Negative
873 2850 888 2866 .

669 2943 862 2993 OGUN
870 2941 938 2988 TI
947 2942 991 2990 N
998 2944 1044 2990 A
1081 2938 1154 2990 IN
1163 2943 1403 2995 DULTI=
1444 2948 1576 2996 Duas
1593 2959 1717 3001 tenet
1736 2949 1881 2997 Arces
1902 2945 2156 3010 Franciscus
2176 2942 2410 2993 [otharius
2428 2943 2506 2992 Li-

687 3012 763 3056 ber
797 3005 910 3054 Baro
936 3006 997 3053 de
1031 3005 1277 3055 Miirofen.
1301 3011 1665 3060 Aulebaeensem
1698 3011 1801 3066 Jure
1842 3013 1978 3060 Feudi
2002 3047 2014 3065 ,
2038 3007 2505 3075 Clingenbergensetn

564 3071 675 3126 Jure
695 3069 919 3118 Custodiae
940 3103 954 3116 .
991 3069 1037 3114 ln
1061 3082 1260 3132 utraque
1279 3073 1505 3122 Sacellum
1527 3075 1587 3122 est
1603 3111 1616 3129 ‚
1655 3078 1697 3123 &
1715 3074 1951 3136 sexaginta
1969 3074 2061 3121 fere
2090 3073 2148 3118 ab
2169 3071 2273 3120 hine
2307 3071 2432 3118 annis
2456 3084 2505 3138 in

567 3145 759 3193 utroque
791 3133 924 3176 Sacra
943 3131 1304 3193 fiericoeperunt
1322 3137 1588 3184 auderitate
1605 3138 1860 3187 Ordinaria
1877 3168 1892 3183 .
1917 3137 2038 3183 Cum
2065 3146 2314 3198 utrumque
2338 3132 2508 3181 ineolis

567 3195 854 3244 commodum
873 3226 887 3244 ‚
921 3195 961 3240 δι
989 3192 1171 3242 facilior
1187 3229 1201 3247 ‚
1232 3213 1284 3244 ac
1305 3199 1449 3246 tutior
1464 3234 1477 3253 ,
1502 3215 1638 3261 quam
1657 3202 1709 3246 ad
1729 3198 2021 3247 Parochiales
2039 3198 2260 3245 Ecclesias
2278 3233 2290 3250 ,
2309 3194 2414 3242 esset
2433 3210 2508 3244 ac-

568 3256 708 3306 cessus
725 3292 739 3310 ,
774 3257 974 3317 hyemali
995 3257 1239 3314 prcesertim
1260 3272 1463 3321 ternpore
1480 3297 1493 3315 ‚
1524 3278 1616 3322 quo
1635 3262 1760 3307 nives
1779 3262 2029 3324 imbresque
2046 3263 2089 3308 in
2109 3277 2161 3307 ea
2179 3259 2390 3321 Regione
2419 3256 2509 3306 fre·

566 3334 754 3383 quentes
773 3322 867 3366 vias
885 3319 1087 3366 reddunt
1106 3319 1316 3367 d1fficiles
1335 3357 1348 3374 ,
1384 3325 1424 3369 δι
1463 3337 1573 3384 pene
1606 3324 1754 3371 invias
1779 3356 1793 3376 ,
1824 3335 1917 3372 tarn
1954 3326 2115 3372 Incolae
2137 3321 2471 3390 Aulebacenses
2487 3353 2502 3373 ‚

566 3400 678 3448 quos
698 3383 894 3430 milliare
913 3381 1239 3430 Germanicum
1260 3385 1554 3432 aParochiali
1570 3385 1769 3434 Ecclesia
1792 3388 1961 3447 separat
1981 3420 1996 3438 ,
2021 3402 2154 3449 quam
2167 3385 2342 3432 'lncolae
2361 3383 2504 3429 Clin-
2560 3408 2568 3418 ι

566 3445 890 3507 genbergenses
910 3481 922 3498 ,
957 3445 1036 3506 qui
1064 3445 1249 3492 arduum
1282 3460 1511 3500 montem,
1547 3448 1596 3493 in
1628 3466 1721 3512 quo
1753 3447 1831 3496 fita
1867 3451 1929 3497 est
1944 3449 2228 3501 parochialis
2266 3445 2463 3494 Ecclesia
2492 3478 2509 3498 ‚

565 3507 769 3569 superare
799 3509 1013 3555 deberent
1032 3543 1045 3561 ,
1079 3523 1168 3553 non
1185 3507 1334 3556 solum
1351 3510 1513 3557 diebus
1535 3509 1762 3565 Domini,
1800 3512 1872 3558 sed
1892 3514 1996 3559 aliis
2016 3514 2156 3559 eti-am
2194 3514 2298 3557 anni
2337 3510 2512 3556 solem-

563 3570 768 3616 nioribus
787 3568 924 3617 Festis
944 3571 1164 3618 Oratoria
1185 3571 1278 3619 haec
1297 3573 1520 3620 celebrare
1539 3587 1786 3638 coeperunt
1809 3609 1823 3627 ,
1849 3577 1891 3621 &
1917 3576 2055 3623 Sacra
2074 3577 2119 3620 in
2143 3573 2197 3621 iis
2217 3572 2375 3621 audire
2393 3610 2403 3619 .
2430 3568 2516 3632 ipsi

565 3631 751 3679 Parochi
771 3666 784 3683 ,
819 3636 893 3692 qui
914 3634 1233 3680 commoditati
1257 3633 1646 3684 Parochianorum
1666 3637 1845 3685 suorum
1865 3671 1877 3689 ,
1907 3639 1950 3684 &
1973 3637 2219 3695 praesertim
2241 3647 2512 3697 puerorum,

563 3693 745 3750 senum,
779 3710 833 3743 ac
863 3693 1182 3750 foelninarum‚
1209 3711 1306 3759 quae
1326 3698 1399 3747 vel
1424 3710 1552 3748 utero
1570 3711 1814 3763 gererent,
1845 3699 1926 3747 vel
1955 3699 2075 3750 filios
2097 3700 2210 3749 la-&e
2246 3699 2477 3745 nutrirent
2497 3728 2514 3749 ,

2275 3759 2452 3827 prospi-
