<?xml version="1.0" encoding="UTF-8"?>
<!DOCTYPE html PUBLIC "-//W3C//DTD XHTML 1.0 Transitional//EN"
    "http://www.w3.org/TR/xhtml1/DTD/xhtml1-transitional.dtd">
<html xmlns="http://www.w3.org/1999/xhtml" xml:lang="en" lang="en">
 <head>
  <title>
</title>
<meta http-equiv="Content-Type" content="text/html;charset=utf-8" />
  <meta name='ocr-system' content='tesseract 3.04.00' />
  <meta name='ocr-capabilities' content='ocr_page ocr_carea ocr_par ocr_line ocrx_word'/>
</head>
<body>
  <div class='ocr_page' id='page_1' title='image "./thesaurusresolut22cath_0112.png"; bbox 0 0 2571 3961; ppageno 0'>
   <div class='ocr_carea' id='block_1_1' title="bbox 526 163 2475 1134">
    <p class='ocr_par' dir='ltr' id='par_1_1' title="bbox 526 163 2475 1134">
     <span class='ocr_line' id='line_1_1' title="bbox 526 163 2472 258; baseline -0.011 -1"><span class='ocrx_word' id='word_1_1' title='bbox 526 163 608 257; x_wconf 54' lang='grc' dir='ltr'>ἷζε</span> <span class='ocrx_word' id='word_1_2' title='bbox 632 203 952 253; x_wconf 81' lang='lat' dir='ltr'>Grammaticae</span> <span class='ocrx_word' id='word_1_3' title='bbox 971 235 986 254; x_wconf 92' lang='lat'>,</span> <span class='ocrx_word' id='word_1_4' title='bbox 1017 199 1281 246; x_wconf 87' lang='lat' dir='ltr'>Rethoricae</span> <span class='ocrx_word' id='word_1_5' title='bbox 1302 228 1317 248; x_wconf 88' lang='lat'><strong>,</strong></span> <span class='ocrx_word' id='word_1_6' title='bbox 1350 198 1393 244; x_wconf 77' lang='grc' dir='ltr'>δι</span> <span class='ocrx_word' id='word_1_7' title='bbox 1419 195 1599 258; x_wconf 82' lang='lat' dir='ltr'>Logicae</span> <span class='ocrx_word' id='word_1_8' title='bbox 1621 228 1636 249; x_wconf 89' lang='lat'><strong>,</strong></span> <span class='ocrx_word' id='word_1_9' title='bbox 1665 208 1808 255; x_wconf 87' lang='lat' dir='ltr'>eaque</span> <span class='ocrx_word' id='word_1_10' title='bbox 1825 192 1914 240; x_wconf 81' lang='lat' dir='ltr'>fine</span> <span class='ocrx_word' id='word_1_11' title='bbox 1939 196 2034 242; x_wconf 89' lang='lat' dir='ltr'>ulla</span> <span class='ocrx_word' id='word_1_12' title='bbox 2065 194 2281 254; x_wconf 85' lang='lat' dir='ltr'>temporis</span> <span class='ocrx_word' id='word_1_13' title='bbox 2314 195 2472 258; x_wconf 63' lang='lat' dir='ltr'>proefi-</span> 
     </span>
     <span class='ocr_line' id='line_1_2' title="bbox 528 257 2470 327; baseline -0.004 -13"><span class='ocrx_word' id='word_1_14' title='bbox 528 270 704 319; x_wconf 85' lang='lat' dir='ltr'>nitione</span> <span class='ocrx_word' id='word_1_15' title='bbox 726 265 930 327; x_wconf 81' lang='lat' dir='ltr'>prosequi</span> <span class='ocrx_word' id='word_1_16' title='bbox 950 297 963 317; x_wconf 89' lang='lat'><strong>,</strong></span> <span class='ocrx_word' id='word_1_17' title='bbox 998 265 1141 308; x_wconf 90' lang='lat' dir='ltr'>donec</span> <span class='ocrx_word' id='word_1_18' title='bbox 1161 278 1212 307; x_wconf 85' lang='lat' dir='ltr'>ea</span> <span class='ocrx_word' id='word_1_19' title='bbox 1232 260 1567 319; x_wconf 86' lang='lat' dir='ltr'>compleverint</span> <span class='ocrx_word' id='word_1_20' title='bbox 1589 291 1603 310; x_wconf 91' lang='lat'>,</span> <span class='ocrx_word' id='word_1_21' title='bbox 1636 258 1762 304; x_wconf 90' lang='lat' dir='ltr'>nulla</span> <span class='ocrx_word' id='word_1_22' title='bbox 1784 257 1840 303; x_wconf 86' lang='lat' dir='ltr'>iis</span> <span class='ocrx_word' id='word_1_23' title='bbox 1871 257 2157 318; x_wconf 83' lang='lat' dir='ltr'>obligatione</span> <span class='ocrx_word' id='word_1_24' title='bbox 2193 260 2359 316; x_wconf 66' lang='lat' dir='ltr'>adjecta</span> <span class='ocrx_word' id='word_1_25' title='bbox 2384 263 2470 305; x_wconf 75' lang='lat' dir='ltr'>Ec-</span> 
     </span>
     <span class='ocr_line' id='line_1_3' title="bbox 529 317 2469 379; baseline -0.005 -3"><span class='ocrx_word' id='word_1_26' title='bbox 529 328 817 377; x_wconf 83' lang='lat' dir='ltr'>clesiasticum</span> <span class='ocrx_word' id='word_1_27' title='bbox 835 326 995 374; x_wconf 89' lang='lat' dir='ltr'>statum</span> <span class='ocrx_word' id='word_1_28' title='bbox 1013 322 1256 370; x_wconf 86' lang='lat' dir='ltr'>assumendi</span> <span class='ocrx_word' id='word_1_29' title='bbox 1276 352 1291 367; x_wconf 89' lang='lat'><strong>.</strong></span> <span class='ocrx_word' id='word_1_30' title='bbox 1324 319 1526 379; x_wconf 83' lang='lat' dir='ltr'>Expletis</span> <span class='ocrx_word' id='word_1_31' title='bbox 1545 334 1650 366; x_wconf 85' lang='lat' dir='ltr'>vero</span> <span class='ocrx_word' id='word_1_32' title='bbox 1680 319 1832 366; x_wconf 77' lang='lat' dir='ltr'>studiis</span> <span class='ocrx_word' id='word_1_33' title='bbox 1851 317 1974 366; x_wconf 87' lang='lat' dir='ltr'>hisce</span> <span class='ocrx_word' id='word_1_34' title='bbox 1992 320 2239 369; x_wconf 88' lang='lat' dir='ltr'>minoribus</span> <span class='ocrx_word' id='word_1_35' title='bbox 2255 358 2269 375; x_wconf 89' lang='lat'>‚</span> <span class='ocrx_word' id='word_1_36' title='bbox 2303 324 2352 369; x_wconf 89' lang='lat' dir='ltr'>in</span> <span class='ocrx_word' id='word_1_37' title='bbox 2375 322 2469 368; x_wconf 80' lang='lat' dir='ltr'>Ur-</span> 
     </span>
     <span class='ocr_line' id='line_1_4' title="bbox 533 379 2470 450; baseline -0.004 -12"><span class='ocrx_word' id='word_1_38' title='bbox 533 397 634 440; x_wconf 87' lang='lat' dir='ltr'>bem</span> <span class='ocrx_word' id='word_1_39' title='bbox 653 392 810 437; x_wconf 86' lang='lat' dir='ltr'>venire</span> <span class='ocrx_word' id='word_1_40' title='bbox 828 389 984 450; x_wconf 82' lang='lat' dir='ltr'>possint</span> <span class='ocrx_word' id='word_1_41' title='bbox 1003 402 1058 432; x_wconf 76' lang='lat' dir='ltr'>ex</span> <span class='ocrx_word' id='word_1_42' title='bbox 1076 385 1252 444; x_wconf 89' lang='lat' dir='ltr'>reliquo</span> <span class='ocrx_word' id='word_1_43' title='bbox 1270 382 1550 429; x_wconf 69' lang='lat' dir='ltr'>haereditario</span> <span class='ocrx_word' id='word_1_44' title='bbox 1565 396 1714 429; x_wconf 87' lang='lat' dir='ltr'>annuo</span> <span class='ocrx_word' id='word_1_45' title='bbox 1749 379 1938 427; x_wconf 83' lang='lat' dir='ltr'>redditu</span> <span class='ocrx_word' id='word_1_46' title='bbox 1967 379 2120 428; x_wconf 87' lang='lat' dir='ltr'>alendi</span> <span class='ocrx_word' id='word_1_47' title='bbox 2145 418 2157 433; x_wconf 95' lang='lat'>,</span> <span class='ocrx_word' id='word_1_48' title='bbox 2196 397 2246 430; x_wconf 91' lang='lat' dir='ltr'>ut</span> <span class='ocrx_word' id='word_1_49' title='bbox 2274 387 2470 442; x_wconf 86' lang='lat' dir='ltr'>majori-</span> 
     </span>
     <span class='ocr_line' id='line_1_5' title="bbox 532 443 2469 506; baseline -0.004 -6"><span class='ocrx_word' id='word_1_50' title='bbox 532 457 616 503; x_wconf 85' lang='lat' dir='ltr'>bus</span> <span class='ocrx_word' id='word_1_51' title='bbox 648 453 927 502; x_wconf 85' lang='lat' dir='ltr'>Medicinae,</span> <span class='ocrx_word' id='word_1_52' title='bbox 962 445 1355 506; x_wconf 76' lang='lat' dir='ltr'>Jiirisprudentiae,</span> <span class='ocrx_word' id='word_1_53' title='bbox 1391 456 1466 490; x_wconf 91' lang='lat' dir='ltr'>aut</span> <span class='ocrx_word' id='word_1_54' title='bbox 1487 445 1721 490; x_wconf 85' lang='lat' dir='ltr'>Sacrarum</span> <span class='ocrx_word' id='word_1_55' title='bbox 1756 443 2015 490; x_wconf 76' lang='lat' dir='ltr'>Literatum</span> <span class='ocrx_word' id='word_1_56' title='bbox 2049 444 2200 492; x_wconf 83' lang='lat' dir='ltr'>studiis</span> <span class='ocrx_word' id='word_1_57' title='bbox 2221 462 2293 506; x_wconf 88' lang='lat' dir='ltr'>per</span> <span class='ocrx_word' id='word_1_58' title='bbox 2321 449 2469 494; x_wconf 84' lang='lat' dir='ltr'>trien-</span> 
     </span>
     <span class='ocr_line' id='line_1_6' title="bbox 532 505 2465 576; baseline -0.002 -16"><span class='ocrx_word' id='word_1_59' title='bbox 532 516 658 564; x_wconf 81' lang='lat' dir='ltr'>nium</span> <span class='ocrx_word' id='word_1_60' title='bbox 675 529 858 576; x_wconf 85' lang='lat' dir='ltr'>operam</span> <span class='ocrx_word' id='word_1_61' title='bbox 878 514 983 557; x_wconf 82' lang='lat' dir='ltr'>dent</span> <span class='ocrx_word' id='word_1_62' title='bbox 1007 542 1021 559; x_wconf 89' lang='lat'>‚</span> <span class='ocrx_word' id='word_1_63' title='bbox 1044 520 1095 554; x_wconf 92' lang='lat' dir='ltr'>ut</span> <span class='ocrx_word' id='word_1_64' title='bbox 1119 508 1272 554; x_wconf 82' lang='lat' dir='ltr'>voluit</span> <span class='ocrx_word' id='word_1_65' title='bbox 1297 506 1541 552; x_wconf 85' lang='lat' dir='ltr'>Testator:</span> <span class='ocrx_word' id='word_1_66' title='bbox 1582 507 1646 553; x_wconf 92' lang='lat' dir='ltr'>Ut</span> <span class='ocrx_word' id='word_1_67' title='bbox 1668 508 1826 554; x_wconf 81' lang='lat' dir='ltr'>annuis</span> <span class='ocrx_word' id='word_1_68' title='bbox 1843 506 1966 553; x_wconf 89' lang='lat' dir='ltr'>illius</span> <span class='ocrx_word' id='word_1_69' title='bbox 1986 505 2097 553; x_wconf 87' lang='lat' dir='ltr'>scut.</span> <span class='ocrx_word' id='word_1_70' title='bbox 2121 517 2218 554; x_wconf 84' lang='lat'>160.</span> <span class='ocrx_word' id='word_1_71' title='bbox 2246 511 2465 557; x_wconf 78' lang='lat' dir='ltr'>addantur</span> 
     </span>
     <span class='ocr_line' id='line_1_7' title="bbox 534 567 2467 632; baseline -0.005 -7"><span class='ocrx_word' id='word_1_72' title='bbox 534 577 622 626; x_wconf 88' lang='lat' dir='ltr'>alia</span> <span class='ocrx_word' id='word_1_73' title='bbox 637 577 746 623; x_wconf 91' lang='lat' dir='ltr'>scut.</span> <span class='ocrx_word' id='word_1_74' title='bbox 768 577 841 622; x_wconf 85' lang='lat'>80.</span> <span class='ocrx_word' id='word_1_75' title='bbox 856 571 1076 631; x_wconf 78' lang='lat' dir='ltr'>eroganda</span> <span class='ocrx_word' id='word_1_76' title='bbox 1097 586 1121 615; x_wconf 89' lang='lat' dir='ltr'>a</span> <span class='ocrx_word' id='word_1_77' title='bbox 1145 571 1399 616; x_wconf 84' lang='lat' dir='ltr'>Seminario</span> <span class='ocrx_word' id='word_1_78' title='bbox 1418 569 1461 615; x_wconf 91' lang='lat' dir='ltr'>in</span> <span class='ocrx_word' id='word_1_79' title='bbox 1480 569 1621 617; x_wconf 85' lang='lat' dir='ltr'>vestes</span> <span class='ocrx_word' id='word_1_80' title='bbox 1639 605 1653 623; x_wconf 91' lang='lat'>,</span> <span class='ocrx_word' id='word_1_81' title='bbox 1680 569 1859 632; x_wconf 85' lang='lat' dir='ltr'>aliaque</span> <span class='ocrx_word' id='word_1_82' title='bbox 1877 567 2117 616; x_wconf 85' lang='lat' dir='ltr'>necessaria</span> <span class='ocrx_word' id='word_1_83' title='bbox 2142 571 2467 617; x_wconf 83' lang='lat' dir='ltr'>Adolescenti-</span> 
     </span>
     <span class='ocr_line' id='line_1_8' title="bbox 536 631 2468 696; baseline -0.003 -10"><span class='ocrx_word' id='word_1_84' title='bbox 536 643 647 687; x_wconf 84' lang='lat' dir='ltr'>bus=</span> <span class='ocrx_word' id='word_1_85' title='bbox 687 638 752 683; x_wconf 91' lang='lat' dir='ltr'>Ut</span> <span class='ocrx_word' id='word_1_86' title='bbox 780 635 980 696; x_wconf 88' lang='lat' dir='ltr'>denique</span> <span class='ocrx_word' id='word_1_87' title='bbox 1004 648 1058 679; x_wconf 84' lang='lat' dir='ltr'>ex</span> <span class='ocrx_word' id='word_1_88' title='bbox 1081 632 1270 693; x_wconf 87' lang='lat' dir='ltr'>reliquis</span> <span class='ocrx_word' id='word_1_89' title='bbox 1291 631 1592 680; x_wconf 75' lang='lat' dir='ltr'>haereditariis</span> <span class='ocrx_word' id='word_1_90' title='bbox 1610 632 1853 679; x_wconf 81' lang='lat' dir='ltr'>redditibus</span> <span class='ocrx_word' id='word_1_91' title='bbox 1873 632 2042 689; x_wconf 79' lang='lat' dir='ltr'>semper</span> <span class='ocrx_word' id='word_1_92' title='bbox 2074 632 2120 677; x_wconf 89' lang='lat' dir='ltr'>in</span> <span class='ocrx_word' id='word_1_93' title='bbox 2147 633 2271 680; x_wconf 88' lang='lat' dir='ltr'>Urbe</span> <span class='ocrx_word' id='word_1_94' title='bbox 2289 635 2468 680; x_wconf 78' lang='lat' dir='ltr'>alantur</span> 
     </span>
     <span class='ocr_line' id='line_1_9' title="bbox 533 694 2469 757; baseline -0.002 -11"><span class='ocrx_word' id='word_1_95' title='bbox 533 715 623 747; x_wconf 80' lang='lat' dir='ltr'>tres</span> <span class='ocrx_word' id='word_1_96' title='bbox 658 697 1009 748; x_wconf 84' lang='lat' dir='ltr'>Adolescentes,</span> <span class='ocrx_word' id='word_1_97' title='bbox 1039 697 1117 756; x_wconf 87' lang='lat' dir='ltr'>qui</span> <span class='ocrx_word' id='word_1_98' title='bbox 1141 696 1187 742; x_wconf 91' lang='lat' dir='ltr'>in</span> <span class='ocrx_word' id='word_1_99' title='bbox 1217 695 1430 743; x_wconf 87' lang='lat' dir='ltr'>Romano</span> <span class='ocrx_word' id='word_1_100' title='bbox 1449 694 1665 757; x_wconf 85' lang='lat' dir='ltr'>Collegio</span> <span class='ocrx_word' id='word_1_101' title='bbox 1695 695 1829 742; x_wconf 87' lang='lat' dir='ltr'>studia</span> <span class='ocrx_word' id='word_1_102' title='bbox 1866 695 2196 757; x_wconf 85' lang='lat' dir='ltr'>prosequantur</span> <span class='ocrx_word' id='word_1_103' title='bbox 2231 712 2254 741; x_wconf 89' lang='lat' dir='ltr'>a</span> <span class='ocrx_word' id='word_1_104' title='bbox 2282 697 2469 743; x_wconf 74' lang='lat' dir='ltr'>secunda</span> 
     </span>
     <span class='ocr_line' id='line_1_10' title="bbox 534 757 2470 820; baseline -0.002 -11"><span class='ocrx_word' id='word_1_105' title='bbox 534 760 685 809; x_wconf 82' lang='lat' dir='ltr'>Classe</span> <span class='ocrx_word' id='word_1_106' title='bbox 696 759 1115 807; x_wconf 84' lang='lat' dir='ltr'>Grammaticorum</span> <span class='ocrx_word' id='word_1_107' title='bbox 1135 761 1186 804; x_wconf 85' lang='lat' dir='ltr'>ad</span> <span class='ocrx_word' id='word_1_108' title='bbox 1203 757 1291 804; x_wconf 90' lang='lat' dir='ltr'>alia</span> <span class='ocrx_word' id='word_1_109' title='bbox 1307 757 1476 813; x_wconf 81' lang='lat' dir='ltr'>majora</span> <span class='ocrx_word' id='word_1_110' title='bbox 1495 773 1569 817; x_wconf 89' lang='lat' dir='ltr'>per</span> <span class='ocrx_word' id='word_1_111' title='bbox 1587 759 1859 806; x_wconf 87' lang='lat' dir='ltr'>triennium.</span> <span class='ocrx_word' id='word_1_112' title='bbox 1888 757 2095 803; x_wconf 85' lang='lat' dir='ltr'>Precibus</span> <span class='ocrx_word' id='word_1_113' title='bbox 2115 759 2181 805; x_wconf 84' lang='lat' dir='ltr'>his</span> <span class='ocrx_word' id='word_1_114' title='bbox 2198 759 2470 820; x_wconf 84' lang='lat' dir='ltr'>rescriptum</span> 
     </span>
     <span class='ocr_line' id='line_1_11' title="bbox 535 819 2472 882; baseline -0.001 -12"><span class='ocrx_word' id='word_1_115' title='bbox 535 824 623 871; x_wconf 87' lang='lat' dir='ltr'>suit</span> <span class='ocrx_word' id='word_1_116' title='bbox 646 857 660 876; x_wconf 90' lang='lat'><em>,</em></span> <span class='ocrx_word' id='word_1_117' title='bbox 693 835 744 870; x_wconf 92' lang='lat' dir='ltr'>ut</span> <span class='ocrx_word' id='word_1_118' title='bbox 763 824 816 869; x_wconf 91' lang='lat' dir='ltr'>de</span> <span class='ocrx_word' id='word_1_119' title='bbox 837 824 925 869; x_wconf 87' lang='lat' dir='ltr'>hoc</span> <span class='ocrx_word' id='word_1_120' title='bbox 950 823 1078 868; x_wconf 89' lang='lat' dir='ltr'>modo</span> <span class='ocrx_word' id='word_1_121' title='bbox 1094 821 1444 882; x_wconf 85' lang='lat' dir='ltr'>cognosceretur</span> <span class='ocrx_word' id='word_1_122' title='bbox 1462 823 1519 866; x_wconf 91' lang='lat' dir='ltr'>ab</span> <span class='ocrx_word' id='word_1_123' title='bbox 1537 823 1623 868; x_wconf 87' lang='lat' dir='ltr'>hoc</span> <span class='ocrx_word' id='word_1_124' title='bbox 1644 821 1778 867; x_wconf 87' lang='lat' dir='ltr'>Sacro</span> <span class='ocrx_word' id='word_1_125' title='bbox 1807 819 2057 867; x_wconf 82' lang='lat' dir='ltr'>Tribunali</span> <span class='ocrx_word' id='word_1_126' title='bbox 2078 855 2090 872; x_wconf 90' lang='lat'>‚</span> <span class='ocrx_word' id='word_1_127' title='bbox 2120 821 2303 881; x_wconf 82' lang='lat' dir='ltr'>ideoque</span> <span class='ocrx_word' id='word_1_128' title='bbox 2322 821 2472 868; x_wconf 73' lang='lat' dir='ltr'>defen·</span> 
     </span>
     <span class='ocr_line' id='line_1_12' title="bbox 536 880 2475 944; baseline -0.002 -11"><span class='ocrx_word' id='word_1_129' title='bbox 536 885 652 934; x_wconf 79' lang='lat' dir='ltr'>sores</span> <span class='ocrx_word' id='word_1_130' title='bbox 670 885 911 933; x_wconf 89' lang='lat' dir='ltr'>Seminarii</span> <span class='ocrx_word' id='word_1_131' title='bbox 937 886 1023 929; x_wconf 86' lang='lat' dir='ltr'>toti</span> <span class='ocrx_word' id='word_1_132' title='bbox 1041 884 1144 930; x_wconf 91' lang='lat' dir='ltr'>sunt</span> <span class='ocrx_word' id='word_1_133' title='bbox 1161 916 1176 934; x_wconf 89' lang='lat'>,</span> <span class='ocrx_word' id='word_1_134' title='bbox 1209 894 1259 928; x_wconf 88' lang='lat' dir='ltr'>ut</span> <span class='ocrx_word' id='word_1_135' title='bbox 1278 881 1355 929; x_wconf 90' lang='lat' dir='ltr'>sub</span> <span class='ocrx_word' id='word_1_136' title='bbox 1385 884 1539 930; x_wconf 90' lang='lat' dir='ltr'>eodem</span> <span class='ocrx_word' id='word_1_137' title='bbox 1562 883 1718 930; x_wconf 91' lang='lat' dir='ltr'>Dubio</span> <span class='ocrx_word' id='word_1_138' title='bbox 1740 884 1806 931; x_wconf 91' lang='lat' dir='ltr'>bis</span> <span class='ocrx_word' id='word_1_139' title='bbox 1827 882 2053 944; x_wconf 83' lang='lat' dir='ltr'>proposito</span> <span class='ocrx_word' id='word_1_140' title='bbox 2069 917 2083 935; x_wconf 90' lang='lat'>,</span> <span class='ocrx_word' id='word_1_141' title='bbox 2112 882 2183 930; x_wconf 91' lang='lat' dir='ltr'>sed</span> <span class='ocrx_word' id='word_1_142' title='bbox 2203 900 2293 930; x_wconf 89' lang='lat' dir='ltr'>non</span> <span class='ocrx_word' id='word_1_143' title='bbox 2313 880 2475 930; x_wconf 84' lang='lat' dir='ltr'>defini·</span> 
     </span>
     <span class='ocr_line' id='line_1_13' title="bbox 537 944 2475 1007; baseline -0.002 -11"><span class='ocrx_word' id='word_1_144' title='bbox 537 961 587 996; x_wconf 86' lang='lat' dir='ltr'>to</span> <span class='ocrx_word' id='word_1_145' title='bbox 604 949 761 997; x_wconf 89' lang='lat' dir='ltr'>modus</span> <span class='ocrx_word' id='word_1_146' title='bbox 786 949 861 994; x_wconf 89' lang='lat' dir='ltr'>hic</span> <span class='ocrx_word' id='word_1_147' title='bbox 891 948 949 994; x_wconf 88' lang='lat' dir='ltr'>ab</span> <span class='ocrx_word' id='word_1_148' title='bbox 967 944 1328 992; x_wconf 83' lang='lat' dir='ltr'>Eminentiffimis</span> <span class='ocrx_word' id='word_1_149' title='bbox 1346 946 1553 993; x_wconf 80' lang='lat' dir='ltr'>Patribus</span> <span class='ocrx_word' id='word_1_150' title='bbox 1567 948 1844 1007; x_wconf 82' lang='lat' dir='ltr'>approbetur</span> <span class='ocrx_word' id='word_1_151' title='bbox 1861 979 1876 994; x_wconf 88' lang='lat'><strong>.</strong></span> <span class='ocrx_word' id='word_1_152' title='bbox 1903 947 2032 991; x_wconf 88' lang='lat' dir='ltr'>Nihil</span> <span class='ocrx_word' id='word_1_153' title='bbox 2050 946 2107 991; x_wconf 93' lang='lat' dir='ltr'>de</span> <span class='ocrx_word' id='word_1_154' title='bbox 2127 947 2193 992; x_wconf 80' lang='lat' dir='ltr'>his</span> <span class='ocrx_word' id='word_1_155' title='bbox 2211 948 2345 993; x_wconf 87' lang='lat' dir='ltr'>novis</span> <span class='ocrx_word' id='word_1_156' title='bbox 2361 946 2475 992; x_wconf 77' lang='lat' dir='ltr'>Pre-</span> 
     </span>
     <span class='ocr_line' id='line_1_14' title="bbox 536 1005 2474 1071; baseline -0.001 -11"><span class='ocrx_word' id='word_1_157' title='bbox 536 1012 668 1060; x_wconf 84' lang='lat' dir='ltr'>cibus</span> <span class='ocrx_word' id='word_1_158' title='bbox 688 1013 819 1058; x_wconf 89' lang='lat' dir='ltr'>habet</span> <span class='ocrx_word' id='word_1_159' title='bbox 850 1009 1184 1056; x_wconf 88' lang='lat' dir='ltr'>Communitas</span> <span class='ocrx_word' id='word_1_160' title='bbox 1214 1005 1407 1055; x_wconf 87' lang='lat' dir='ltr'>Gallesii</span> <span class='ocrx_word' id='word_1_161' title='bbox 1426 1043 1441 1062; x_wconf 93' lang='lat'>‚</span> <span class='ocrx_word' id='word_1_162' title='bbox 1471 1024 1569 1071; x_wconf 84' lang='lat' dir='ltr'>quae</span> <span class='ocrx_word' id='word_1_163' title='bbox 1587 1021 1789 1057; x_wconf 86' lang='lat' dir='ltr'>veterem</span> <span class='ocrx_word' id='word_1_164' title='bbox 1819 1009 1950 1056; x_wconf 83' lang='lat' dir='ltr'>dedit</span> <span class='ocrx_word' id='word_1_165' title='bbox 1986 1007 2196 1056; x_wconf 87' lang='lat' dir='ltr'>libellum</span> <span class='ocrx_word' id='word_1_166' title='bbox 2217 1041 2231 1057; x_wconf 89' lang='lat'><strong>.</strong></span> <span class='ocrx_word' id='word_1_167' title='bbox 2265 1009 2474 1058; x_wconf 84' lang='lat' dir='ltr'>Dubium</span> 
     </span>
     <span class='ocr_line' id='line_1_15' title="bbox 541 1069 1427 1134; baseline -0.003 -12"><span class='ocrx_word' id='word_1_168' title='bbox 541 1074 658 1122; x_wconf 85' lang='lat' dir='ltr'>illud</span> <span class='ocrx_word' id='word_1_169' title='bbox 674 1074 734 1120; x_wconf 83' lang='lat' dir='ltr'>est</span> <span class='ocrx_word' id='word_1_170' title='bbox 756 1109 770 1127; x_wconf 91' lang='lat'><strong>,</strong></span> <span class='ocrx_word' id='word_1_171' title='bbox 806 1072 925 1134; x_wconf 86' lang='lat' dir='ltr'>quod</span> <span class='ocrx_word' id='word_1_172' title='bbox 948 1070 1182 1118; x_wconf 84' lang='lat' dir='ltr'>definitum</span> <span class='ocrx_word' id='word_1_173' title='bbox 1202 1085 1292 1116; x_wconf 88' lang='lat' dir='ltr'>non</span> <span class='ocrx_word' id='word_1_174' title='bbox 1310 1069 1400 1120; x_wconf 84' lang='lat' dir='ltr'>fuit</span> <span class='ocrx_word' id='word_1_175' title='bbox 1415 1109 1427 1121; x_wconf 90' lang='lat'><strong>.</strong></span> 
     </span>
    </p>
   </div>
   <div class='ocr_carea' id='block_1_2' title="bbox 482 1135 1851 1198">
    <p class='ocr_par' dir='ltr' id='par_1_2' title="bbox 482 1135 1851 1198">
     <span class='ocr_line' id='line_1_16' title="bbox 482 1135 1851 1198; baseline -0.002 -13"><span class='ocrx_word' id='word_1_176' title='bbox 482 1147 559 1187; x_wconf 78' lang='lat' dir='ltr'>.An</span> <span class='ocrx_word' id='word_1_177' title='bbox 574 1137 633 1195; x_wconf 82' lang='lat' dir='ltr'>fit</span> <span class='ocrx_word' id='word_1_178' title='bbox 648 1137 853 1193; x_wconf 81' lang='lat' dir='ltr'>standum</span> <span class='ocrx_word' id='word_1_179' title='bbox 869 1170 884 1188; x_wconf 87' lang='lat'>‚</span> <span class='ocrx_word' id='word_1_180' title='bbox 916 1137 997 1183; x_wconf 77' lang='lat' dir='ltr'>vel</span> <span class='ocrx_word' id='word_1_181' title='bbox 1016 1137 1303 1184; x_wconf 78' lang='lat' dir='ltr'>recedendum</span> <span class='ocrx_word' id='word_1_182' title='bbox 1319 1152 1345 1181; x_wconf 87' lang='lat' dir='ltr'>a</span> <span class='ocrx_word' id='word_1_183' title='bbox 1376 1135 1543 1194; x_wconf 79' lang='lat' dir='ltr'>Decifis</span> <span class='ocrx_word' id='word_1_184' title='bbox 1564 1141 1610 1186; x_wconf 83' lang='lat' dir='ltr'>in</span> <span class='ocrx_word' id='word_1_185' title='bbox 1632 1139 1734 1198; x_wconf 81' lang='lat' dir='ltr'>Casu</span> <span class='ocrx_word' id='word_1_186' title='bbox 1752 1142 1851 1188; x_wconf 59' lang='lat' dir='ltr'>&amp;a</span> 
     </span>
    </p>
   </div>
   <div class='ocr_carea' id='block_1_3' title="bbox 544 1257 2479 1372">
    <p class='ocr_par' dir='ltr' id='par_1_3' title="bbox 544 1257 2479 1372">
     <span class='ocr_line' id='line_1_17' title="bbox 611 1257 2479 1325; baseline 0.001 -17"><span class='ocrx_word' id='word_1_187' title='bbox 611 1259 785 1309; x_wconf 82' lang='lat' dir='ltr'>Praevio</span> <span class='ocrx_word' id='word_1_188' title='bbox 818 1257 985 1310; x_wconf 83' lang='lat' dir='ltr'>recess&#39;u</span> <span class='ocrx_word' id='word_1_189' title='bbox 1018 1275 1042 1308; x_wconf 88' lang='lat' dir='ltr'>a</span> <span class='ocrx_word' id='word_1_190' title='bbox 1074 1260 1231 1310; x_wconf 82' lang='lat' dir='ltr'>decisis</span> <span class='ocrx_word' id='word_1_191' title='bbox 1269 1295 1284 1315; x_wconf 88' lang='lat'>,</span> <span class='ocrx_word' id='word_1_192' title='bbox 1314 1260 1570 1312; x_wconf 83' lang='lat' dir='ltr'>servandam</span> <span class='ocrx_word' id='word_1_193' title='bbox 1586 1261 1671 1310; x_wconf 86' lang='lat' dir='ltr'>esse</span> <span class='ocrx_word' id='word_1_194' title='bbox 1701 1260 2043 1325; x_wconf 82' lang='lat' dir='ltr'>dispositionem</span> <span class='ocrx_word' id='word_1_195' title='bbox 2073 1257 2325 1311; x_wconf 83' lang='lat' dir='ltr'>Testatoris</span> <span class='ocrx_word' id='word_1_196' title='bbox 2351 1263 2479 1321; x_wconf 82' lang='lat' dir='ltr'>iuxta</span> 
     </span>
     <span class='ocr_line' id='line_1_18' title="bbox 544 1335 774 1372; baseline 0 0"><span class='ocrx_word' id='word_1_197' title='bbox 544 1335 742 1372; x_wconf 88' lang='lat' dir='ltr'>mentem</span> <span class='ocrx_word' id='word_1_198' title='bbox 759 1357 774 1372; x_wconf 86' lang='lat'><strong>.</strong></span> 
     </span>
    </p>
   </div>
   <div class='ocr_carea' id='block_1_4' title="bbox 108 1448 2482 1564">
    <p class='ocr_par' dir='ltr' id='par_1_4' title="bbox 108 1448 2482 1564">
     <span class='ocr_line' id='line_1_19' title="bbox 108 1448 2482 1564; baseline -0.001 -62"><span class='ocrx_word' id='word_1_199' title='bbox 108 1477 223 1531; x_wconf 41' lang='lat' dir='ltr'><em>Sese,</em></span> <span class='ocrx_word' id='word_1_200' title='bbox 244 1481 314 1529; x_wconf 87' lang='lat'>24·</span> <span class='ocrx_word' id='word_1_201' title='bbox 335 1480 368 1510; x_wconf 71' lang='lat' dir='ltr'>c,</span> <span class='ocrx_word' id='word_1_202' title='bbox 391 1478 438 1519; x_wconf 77' lang='lat'>9,</span> <span class='ocrx_word' id='word_1_203' title='bbox 494 1450 588 1564; x_wconf 83' lang='lat' dir='ltr'>B</span> <span class='ocrx_word' id='word_1_204' title='bbox 613 1449 811 1498; x_wconf 87' lang='lat' dir='ltr'><strong>AREN.</strong></span> <span class='ocrx_word' id='word_1_205' title='bbox 838 1449 1239 1500; x_wconf 84' lang='lat' dir='ltr'>NULLITATIS</span> <span class='ocrx_word' id='word_1_206' title='bbox 1272 1450 1733 1502; x_wconf 88' lang='lat' dir='ltr'><strong>MATRIMONII:</strong></span> <span class='ocrx_word' id='word_1_207' title='bbox 1767 1450 2003 1513; x_wconf 82' lang='lat' dir='ltr'>Proposita</span> <span class='ocrx_word' id='word_1_208' title='bbox 2031 1448 2117 1498; x_wconf 87' lang='lat' dir='ltr'>fuit</span> <span class='ocrx_word' id='word_1_209' title='bbox 2139 1450 2234 1499; x_wconf 87' lang='lat' dir='ltr'>haec</span> <span class='ocrx_word' id='word_1_210' title='bbox 2269 1449 2417 1499; x_wconf 82' lang='lat' dir='ltr'>Causa</span> <span class='ocrx_word' id='word_1_211' title='bbox 2438 1451 2482 1500; x_wconf 86' lang='lat' dir='ltr'>in</span> 
     </span>
    </p>
   </div>
   <div class='ocr_carea' id='block_1_5' title="bbox 548 1515 2487 2011">
    <p class='ocr_par' dir='ltr' id='par_1_5' title="bbox 548 1515 2487 2011">
     <span class='ocr_line' id='line_1_20' title="bbox 626 1515 2485 1578; baseline 0.002 -20"><span class='ocrx_word' id='word_1_212' title='bbox 626 1515 787 1561; x_wconf 87' lang='lat' dir='ltr'>ultima</span> <span class='ocrx_word' id='word_1_213' title='bbox 802 1516 1176 1578; x_wconf 81' lang='lat' dir='ltr'>Congregatione</span> <span class='ocrx_word' id='word_1_214' title='bbox 1194 1515 1349 1563; x_wconf 80' lang='lat' dir='ltr'>habita</span> <span class='ocrx_word' id='word_1_215' title='bbox 1365 1516 1440 1564; x_wconf 84' lang='lat' dir='ltr'>die</span> <span class='ocrx_word' id='word_1_216' title='bbox 1466 1526 1534 1565; x_wconf 84' lang='lat'>16.</span> <span class='ocrx_word' id='word_1_217' title='bbox 1558 1515 1723 1564; x_wconf 79' lang='lat' dir='ltr'>Mensis</span> <span class='ocrx_word' id='word_1_218' title='bbox 1742 1517 1900 1562; x_wconf 87' lang='lat' dir='ltr'>Martii</span> <span class='ocrx_word' id='word_1_219' title='bbox 1922 1550 1933 1567; x_wconf 88' lang='lat'>,</span> <span class='ocrx_word' id='word_1_220' title='bbox 1965 1518 2006 1562; x_wconf 77' lang='grc' dir='ltr'>δι</span> <span class='ocrx_word' id='word_1_221' title='bbox 2028 1515 2348 1574; x_wconf 86' lang='lat' dir='ltr'>rescripserunt</span> <span class='ocrx_word' id='word_1_222' title='bbox 2364 1516 2485 1562; x_wconf 83' lang='lat' dir='ltr'>Emi·</span> 
     </span>
     <span class='ocr_line' id='line_1_21' title="bbox 553 1576 2485 1638; baseline 0.001 -13"><span class='ocrx_word' id='word_1_223' title='bbox 553 1576 788 1625; x_wconf 83' lang='lat' dir='ltr'>nentiffimi</span> <span class='ocrx_word' id='word_1_224' title='bbox 804 1580 960 1626; x_wconf 85' lang='lat' dir='ltr'>Patres</span> <span class='ocrx_word' id='word_1_225' title='bbox 975 1604 993 1612; x_wconf 90' lang='lat'>-</span> <span class='ocrx_word' id='word_1_226' title='bbox 1012 1583 1092 1626; x_wconf 68' lang='lat' dir='ltr'>Ad</span> <span class='ocrx_word' id='word_1_227' title='bbox 1113 1579 1501 1636; x_wconf 79' lang='lat' dir='ltr'>Eminentilsimum</span> <span class='ocrx_word' id='word_1_228' title='bbox 1520 1583 1917 1627; x_wconf 73' lang='lat' dir='ltr'>‘Pro-Auditorem</span> <span class='ocrx_word' id='word_1_229' title='bbox 1939 1580 2345 1638; x_wconf 50' lang='lat' dir='ltr'>sanctissimijuxta</span> <span class='ocrx_word' id='word_1_230' title='bbox 2366 1594 2485 1626; x_wconf 81' lang='lat' dir='ltr'>men—</span> 
     </span>
     <span class='ocr_line' id='line_1_22' title="bbox 553 1639 2485 1704; baseline 0 -17"><span class='ocrx_word' id='word_1_231' title='bbox 553 1653 644 1688; x_wconf 87' lang='lat' dir='ltr'>tem</span> <span class='ocrx_word' id='word_1_232' title='bbox 664 1669 679 1684; x_wconf 83' lang='lat'><strong>·</strong></span> <span class='ocrx_word' id='word_1_233' title='bbox 709 1639 902 1688; x_wconf 88' lang='lat' dir='ltr'>Causam</span> <span class='ocrx_word' id='word_1_234' title='bbox 920 1641 1158 1704; x_wconf 87' lang='lat' dir='ltr'>reproponi</span> <span class='ocrx_word' id='word_1_235' title='bbox 1173 1641 1292 1698; x_wconf 82' lang='lat' dir='ltr'>juflit</span> <span class='ocrx_word' id='word_1_236' title='bbox 1311 1640 1601 1690; x_wconf 70' lang='lat' dir='ltr'>Sanctiffimus</span> <span class='ocrx_word' id='word_1_237' title='bbox 1618 1641 1847 1689; x_wconf 86' lang='lat' dir='ltr'>Dominus</span> <span class='ocrx_word' id='word_1_238' title='bbox 1879 1641 2025 1688; x_wconf 85' lang='lat' dir='ltr'>noster</span> <span class='ocrx_word' id='word_1_239' title='bbox 2044 1675 2057 1692; x_wconf 87' lang='lat'>,</span> <span class='ocrx_word' id='word_1_240' title='bbox 2089 1654 2275 1700; x_wconf 88' lang='lat' dir='ltr'>eamque</span> <span class='ocrx_word' id='word_1_241' title='bbox 2295 1675 2307 1691; x_wconf 93' lang='lat'><strong>‚</strong></span> <span class='ocrx_word' id='word_1_242' title='bbox 2340 1654 2387 1686; x_wconf 90' lang='lat' dir='ltr'>ut</span> <span class='ocrx_word' id='word_1_243' title='bbox 2405 1640 2485 1695; x_wconf 88' lang='lat' dir='ltr'>Ju-</span> 
     </span>
     <span class='ocr_line' id='line_1_23' title="bbox 552 1701 2486 1767; baseline 0 -17"><span class='ocrx_word' id='word_1_244' title='bbox 552 1701 719 1750; x_wconf 85' lang='lat' dir='ltr'>riserit</span> <span class='ocrx_word' id='word_1_245' title='bbox 745 1737 759 1755; x_wconf 91' lang='lat'>,</span> <span class='ocrx_word' id='word_1_246' title='bbox 783 1701 956 1751; x_wconf 82' lang='lat' dir='ltr'>definiri</span> <span class='ocrx_word' id='word_1_247' title='bbox 994 1703 1218 1767; x_wconf 78' lang='lat' dir='ltr'>praecifive</span> <span class='ocrx_word' id='word_1_248' title='bbox 1235 1719 1274 1750; x_wconf 79' lang='lat' dir='ltr'>a.</span> <span class='ocrx_word' id='word_1_249' title='bbox 1293 1703 1590 1764; x_wconf 64' lang='lat' dir='ltr'>cognitissima</span> <span class='ocrx_word' id='word_1_250' title='bbox 1624 1704 1965 1752; x_wconf 88' lang='lat' dir='ltr'>Constitutione</span> <span class='ocrx_word' id='word_1_251' title='bbox 2002 1704 2076 1750; x_wconf 87' lang='lat' dir='ltr'>sua</span> <span class='ocrx_word' id='word_1_252' title='bbox 2096 1738 2106 1748; x_wconf 89' lang='lat'><strong>.</strong></span> <span class='ocrx_word' id='word_1_253' title='bbox 2145 1703 2304 1750; x_wconf 68' lang='lat' dir='ltr'>Notius</span> <span class='ocrx_word' id='word_1_254' title='bbox 2346 1703 2486 1765; x_wconf 83' lang='lat' dir='ltr'>igitur</span> 
     </span>
     <span class='ocr_line' id='line_1_24' title="bbox 552 1764 2486 1829; baseline -0.001 -17"><span class='ocrx_word' id='word_1_255' title='bbox 552 1764 712 1814; x_wconf 86' lang='lat' dir='ltr'>Causae</span> <span class='ocrx_word' id='word_1_256' title='bbox 729 1766 792 1814; x_wconf 87' lang='lat' dir='ltr'>est</span> <span class='ocrx_word' id='word_1_257' title='bbox 808 1802 823 1822; x_wconf 88' lang='lat'>‚</span> <span class='ocrx_word' id='word_1_258' title='bbox 857 1783 914 1813; x_wconf 89' lang='lat' dir='ltr'>an</span> <span class='ocrx_word' id='word_1_259' title='bbox 935 1783 992 1815; x_wconf 85' lang='lat' dir='ltr'>ex</span> <span class='ocrx_word' id='word_1_260' title='bbox 1020 1766 1268 1820; x_wconf 80' lang='lat' dir='ltr'>Testibus,</span> <span class='ocrx_word' id='word_1_261' title='bbox 1299 1766 1376 1827; x_wconf 84' lang='lat' dir='ltr'>qui</span> <span class='ocrx_word' id='word_1_262' title='bbox 1401 1767 1710 1827; x_wconf 51' lang='lat' dir='ltr'>&amp;udicialiter</span> <span class='ocrx_word' id='word_1_263' title='bbox 1729 1768 1906 1829; x_wconf 88' lang='lat' dir='ltr'>quidem</span> <span class='ocrx_word' id='word_1_264' title='bbox 1924 1800 1938 1819; x_wconf 89' lang='lat'>,</span> <span class='ocrx_word' id='word_1_265' title='bbox 1965 1766 2037 1812; x_wconf 89' lang='lat' dir='ltr'>sed</span> <span class='ocrx_word' id='word_1_266' title='bbox 2053 1764 2112 1812; x_wconf 88' lang='lat' dir='ltr'>ad</span> <span class='ocrx_word' id='word_1_267' title='bbox 2139 1765 2365 1811; x_wconf 77' lang='lat' dir='ltr'>Articulos</span> <span class='ocrx_word' id='word_1_268' title='bbox 2386 1780 2486 1812; x_wconf 67' lang='lat' dir='ltr'>tan-</span> 
     </span>
     <span class='ocr_line' id='line_1_25' title="bbox 551 1827 2487 1894; baseline 0 -20"><span class='ocrx_word' id='word_1_269' title='bbox 551 1842 646 1875; x_wconf 85' lang='lat' dir='ltr'>tum</span> <span class='ocrx_word' id='word_1_270' title='bbox 671 1864 684 1882; x_wconf 89' lang='lat'><strong>,</strong></span> <span class='ocrx_word' id='word_1_271' title='bbox 725 1837 872 1878; x_wconf 76' lang='lat' dir='ltr'>&#39;Parte</span> <span class='ocrx_word' id='word_1_272' title='bbox 907 1848 991 1878; x_wconf 90' lang='lat' dir='ltr'>non</span> <span class='ocrx_word' id='word_1_273' title='bbox 1015 1843 1255 1894; x_wconf 78' lang='lat' dir='ltr'>opponente</span> <span class='ocrx_word' id='word_1_274' title='bbox 1289 1834 1652 1894; x_wconf 76' lang='lat' dir='ltr'>interrogatoria</span> <span class='ocrx_word' id='word_1_275' title='bbox 1676 1865 1690 1883; x_wconf 90' lang='lat'><strong>,</strong></span> <span class='ocrx_word' id='word_1_276' title='bbox 1721 1829 2074 1888; x_wconf 80' lang='lat' dir='ltr'>responderunt,</span> <span class='ocrx_word' id='word_1_277' title='bbox 2111 1842 2178 1873; x_wconf 89' lang='lat' dir='ltr'>vis</span> <span class='ocrx_word' id='word_1_278' title='bbox 2199 1827 2328 1873; x_wconf 75' lang='lat' dir='ltr'>illata</span> <span class='ocrx_word' id='word_1_279' title='bbox 2363 1829 2487 1883; x_wconf 67' lang='lat' dir='ltr'>,lose-</span> 
     </span>
     <span class='ocr_line' id='line_1_26' title="bbox 548 1889 2486 1953; baseline 0.001 -17"><span class='ocrx_word' id='word_1_280' title='bbox 548 1891 638 1951; x_wconf 80' lang='lat' dir='ltr'>pho</span> <span class='ocrx_word' id='word_1_281' title='bbox 654 1892 711 1938; x_wconf 89' lang='lat' dir='ltr'>de</span> <span class='ocrx_word' id='word_1_282' title='bbox 731 1892 856 1939; x_wconf 88' lang='lat' dir='ltr'>Staso</span> <span class='ocrx_word' id='word_1_283' title='bbox 889 1892 1138 1953; x_wconf 71' lang='lat' dir='ltr'>probetur-3</span> <span class='ocrx_word' id='word_1_284' title='bbox 1171 1893 1394 1948; x_wconf 74' lang='lat' dir='ltr'>judicium</span> <span class='ocrx_word' id='word_1_285' title='bbox 1428 1894 1516 1942; x_wconf 88' lang='lat' dir='ltr'>hoc</span> <span class='ocrx_word' id='word_1_286' title='bbox 1541 1894 1628 1943; x_wconf 83' lang='lat' dir='ltr'>erit</span> <span class='ocrx_word' id='word_1_287' title='bbox 1649 1891 2109 1940; x_wconf 82' lang='lat' dir='ltr'>Eminentissimorum</span> <span class='ocrx_word' id='word_1_288' title='bbox 2139 1889 2323 1938; x_wconf 77' lang='lat' dir='ltr'>Patrum</span> <span class='ocrx_word' id='word_1_289' title='bbox 2342 1925 2354 1939; x_wconf 95' lang='lat'>.</span> <span class='ocrx_word' id='word_1_290' title='bbox 2387 1895 2486 1939; x_wconf 71' lang='lat' dir='ltr'>Nos</span> 
     </span>
     <span class='ocr_line' id='line_1_27' title="bbox 549 1953 1207 2011; baseline 0.009 -12"><span class='ocrx_word' id='word_1_291' title='bbox 549 1953 671 2000; x_wconf 88' lang='lat' dir='ltr'>idem</span> <span class='ocrx_word' id='word_1_292' title='bbox 692 1954 896 2003; x_wconf 83' lang='lat' dir='ltr'>Dubium</span> <span class='ocrx_word' id='word_1_293' title='bbox 915 1955 1173 2011; x_wconf 82' lang='lat' dir='ltr'>subjicimus</span> <span class='ocrx_word' id='word_1_294' title='bbox 1192 1988 1207 2005; x_wconf 88' lang='grc'><strong>.</strong></span> 
     </span>
    </p>
   </div>
   <div class='ocr_carea' id='block_1_6' title="bbox 483 2017 1685 2087">
    <p class='ocr_par' dir='ltr' id='par_1_6' title="bbox 483 2017 1685 2087">
     <span class='ocr_line' id='line_1_28' title="bbox 483 2017 1685 2087; baseline 0.003 -22"><span class='ocrx_word' id='word_1_295' title='bbox 483 2025 566 2066; x_wconf 69' lang='lat' dir='ltr'>An</span> <span class='ocrx_word' id='word_1_296' title='bbox 581 2017 744 2087; x_wconf 79' lang='lat' dir='ltr'>constet</span> <span class='ocrx_word' id='word_1_297' title='bbox 759 2020 811 2068; x_wconf 85' lang='lat' dir='ltr'>de</span> <span class='ocrx_word' id='word_1_298' title='bbox 829 2020 1050 2069; x_wconf 74' lang='lat' dir='ltr'>nullitate</span> <span class='ocrx_word' id='word_1_299' title='bbox 1069 2020 1358 2069; x_wconf 77' lang='lat' dir='ltr'>Matrimonii</span> <span class='ocrx_word' id='word_1_300' title='bbox 1394 2022 1441 2069; x_wconf 82' lang='lat' dir='ltr'>in</span> <span class='ocrx_word' id='word_1_301' title='bbox 1458 2020 1560 2082; x_wconf 81' lang='lat' dir='ltr'>casu</span> <span class='ocrx_word' id='word_1_302' title='bbox 1583 2023 1685 2069; x_wconf 71' lang='lat' dir='ltr'>&amp;c-</span> 
     </span>
    </p>
   </div>
   <div class='ocr_carea' id='block_1_7' title="bbox 608 2143 927 2196">
    <p class='ocr_par' dir='ltr' id='par_1_7' title="bbox 608 2143 927 2196">
     <span class='ocr_line' id='line_1_29' title="bbox 608 2143 927 2196; baseline 0.016 -5"><span class='ocrx_word' id='word_1_303' title='bbox 608 2143 901 2196; x_wconf 86' lang='lat' dir='ltr'>Affirrnative</span> <span class='ocrx_word' id='word_1_304' title='bbox 915 2181 927 2195; x_wconf 94' lang='lat'><strong>.</strong></span> 
     </span>
    </p>
   </div>
   <div class='ocr_carea' id='block_1_8' title="bbox 112 2268 2487 2382">
    <p class='ocr_par' dir='ltr' id='par_1_8' title="bbox 112 2268 2487 2382">
     <span class='ocr_line' id='line_1_30' title="bbox 112 2268 2487 2382; baseline -0.001 -59"><span class='ocrx_word' id='word_1_305' title='bbox 112 2277 437 2335; x_wconf 53' lang='lat' dir='ltr'>sestam-12.</span> <span class='ocrx_word' id='word_1_306' title='bbox 482 2268 842 2382; x_wconf 83' lang='lat' dir='ltr'>PARMEN.</span> <span class='ocrx_word' id='word_1_307' title='bbox 879 2273 1569 2326; x_wconf 76' lang='lat' dir='ltr'><strong>PRAEEMINENTIARUM</strong></span> <span class='ocrx_word' id='word_1_308' title='bbox 1608 2295 1618 2324; x_wconf 75' lang='grc' dir='ltr'>ε</span> <span class='ocrx_word' id='word_1_309' title='bbox 1671 2275 1912 2341; x_wconf 86' lang='lat' dir='ltr'>Postquam</span> <span class='ocrx_word' id='word_1_310' title='bbox 1965 2275 2180 2326; x_wconf 85' lang='lat' dir='ltr'>Marchio</span> <span class='ocrx_word' id='word_1_311' title='bbox 2221 2274 2487 2337; x_wconf 84' lang='lat' dir='ltr'>Hippolitus</span> 
     </span>
    </p>
   </div>
   <div class='ocr_carea' id='block_1_9' title="bbox 78 2340 243 2408">
    <p class='ocr_par' dir='ltr' id='par_1_9' title="bbox 78 2340 243 2408">
     <span class='ocr_line' id='line_1_31' title="bbox 78 2340 243 2408; baseline 0 -20"><span class='ocrx_word' id='word_1_312' title='bbox 78 2343 134 2388; x_wconf 67' lang='lat' dir='ltr'>«ze</span> <span class='ocrx_word' id='word_1_313' title='bbox 153 2340 243 2408; x_wconf 68' lang='lat' dir='ltr'>Rff</span> 
     </span>
    </p>
   </div>
   <div class='ocr_carea' id='block_1_10' title="bbox 540 2332 2493 3590">
    <p class='ocr_par' dir='ltr' id='par_1_10' title="bbox 540 2332 2493 3590">
     <span class='ocr_line' id='line_1_32' title="bbox 604 2332 2490 2401; baseline 0 -19"><span class='ocrx_word' id='word_1_314' title='bbox 604 2332 872 2382; x_wconf 84' lang='lat' dir='ltr'>Benuvolus</span> <span class='ocrx_word' id='word_1_315' title='bbox 893 2338 940 2384; x_wconf 84' lang='lat' dir='ltr'>in</span> <span class='ocrx_word' id='word_1_316' title='bbox 963 2339 1116 2385; x_wconf 85' lang='lat' dir='ltr'>Terra</span> <span class='ocrx_word' id='word_1_317' title='bbox 1136 2340 1207 2386; x_wconf 89' lang='lat' dir='ltr'>sua</span> <span class='ocrx_word' id='word_1_318' title='bbox 1231 2342 1468 2390; x_wconf 88' lang='lat' dir='ltr'>Gualterii</span> <span class='ocrx_word' id='word_1_319' title='bbox 1488 2343 1596 2390; x_wconf 85' lang='lat' dir='ltr'>duas</span> <span class='ocrx_word' id='word_1_320' title='bbox 1620 2357 1644 2388; x_wconf 86' lang='lat' dir='ltr'>a</span> <span class='ocrx_word' id='word_1_321' title='bbox 1668 2342 1761 2388; x_wconf 93' lang='lat' dir='ltr'>solo</span> <span class='ocrx_word' id='word_1_322' title='bbox 1792 2338 2012 2388; x_wconf 85' lang='lat' dir='ltr'>Ecclesias</span> <span class='ocrx_word' id='word_1_323' title='bbox 2034 2340 2111 2389; x_wconf 82' lang='lat' dir='ltr'>sua</span> <span class='ocrx_word' id='word_1_324' title='bbox 2133 2355 2319 2401; x_wconf 84' lang='lat' dir='ltr'>pecunia</span> <span class='ocrx_word' id='word_1_325' title='bbox 2349 2337 2490 2387; x_wconf 66' lang='lat' dir='ltr'>aedifi-</span> 
     </span>
     <span class='ocr_line' id='line_1_33' title="bbox 540 2399 2487 2467; baseline -0.002 -15"><span class='ocrx_word' id='word_1_326' title='bbox 540 2405 732 2467; x_wconf 49' lang='lat' dir='ltr'>cavprat</span> <span class='ocrx_word' id='word_1_327' title='bbox 756 2431 770 2450; x_wconf 70' lang='lat'><em>2</em></span> <span class='ocrx_word' id='word_1_328' title='bbox 804 2399 998 2448; x_wconf 83' lang='lat' dir='ltr'>alt-eram</span> <span class='ocrx_word' id='word_1_329' title='bbox 1027 2400 1303 2465; x_wconf 81' lang='lat' dir='ltr'>Regularem</span> <span class='ocrx_word' id='word_1_330' title='bbox 1324 2411 1449 2453; x_wconf 81' lang='lat' dir='ltr'>Divo</span> <span class='ocrx_word' id='word_1_331' title='bbox 1479 2409 1673 2452; x_wconf 70' lang='lat' dir='ltr'>Andreae</span> <span class='ocrx_word' id='word_1_332' title='bbox 1692 2404 1944 2452; x_wconf 88' lang='lat' dir='ltr'>dedicatam</span> <span class='ocrx_word' id='word_1_333' title='bbox 1963 2439 1977 2459; x_wconf 92' lang='lat'><strong>,</strong></span> <span class='ocrx_word' id='word_1_334' title='bbox 2017 2405 2209 2453; x_wconf 87' lang='lat' dir='ltr'>alteram</span> <span class='ocrx_word' id='word_1_335' title='bbox 2229 2403 2487 2450; x_wconf 66' lang='lat' dir='ltr'>saecularem</span> 
     </span>
     <span class='ocr_line' id='line_1_34' title="bbox 542 2461 2489 2529; baseline -0.001 -18"><span class='ocrx_word' id='word_1_336' title='bbox 542 2461 792 2508; x_wconf 78' lang='lat' dir='ltr'>ded1catam</span> <span class='ocrx_word' id='word_1_337' title='bbox 813 2470 855 2510; x_wconf 83' lang='lat' dir='ltr'>S.</span> <span class='ocrx_word' id='word_1_338' title='bbox 878 2472 1038 2511; x_wconf 76' lang='lat' dir='ltr'>Mareae</span> <span class='ocrx_word' id='word_1_339' title='bbox 1063 2469 1115 2514; x_wconf 88' lang='lat' dir='ltr'>de</span> <span class='ocrx_word' id='word_1_340' title='bbox 1139 2472 1275 2523; x_wconf 78' lang='lat' dir='ltr'>Nive</span> <span class='ocrx_word' id='word_1_341' title='bbox 1295 2503 1310 2522; x_wconf 89' lang='lat'><strong>,</strong></span> <span class='ocrx_word' id='word_1_342' title='bbox 1344 2470 1496 2529; x_wconf 86' lang='lat' dir='ltr'>preces</span> <span class='ocrx_word' id='word_1_343' title='bbox 1517 2468 1690 2516; x_wconf 83' lang='lat' dir='ltr'>obtulit</span> <span class='ocrx_word' id='word_1_344' title='bbox 1708 2470 1809 2514; x_wconf 86' lang='lat' dir='ltr'>Sari.</span> <span class='ocrx_word' id='word_1_345' title='bbox 1835 2483 1952 2513; x_wconf 90' lang='lat' dir='ltr'>men.</span> <span class='ocrx_word' id='word_1_346' title='bbox 1973 2467 2114 2516; x_wconf 85' lang='lat' dir='ltr'>Paulo</span> <span class='ocrx_word' id='word_1_347' title='bbox 2139 2466 2196 2515; x_wconf 90' lang='lat' dir='ltr'>V.</span> <span class='ocrx_word' id='word_1_348' title='bbox 2217 2467 2384 2526; x_wconf 86' lang='lat' dir='ltr'>quibus</span> <span class='ocrx_word' id='word_1_349' title='bbox 2440 2481 2489 2510; x_wconf 81' lang='lat' dir='ltr'>o.-</span> 
     </span>
     <span class='ocr_line' id='line_1_35' title="bbox 545 2483 2436 2587; baseline 0.003 -18"><span class='ocrx_word' id='word_1_350' title='bbox 545 2520 740 2570; x_wconf 74' lang='lat' dir='ltr'>stulabat</span> <span class='ocrx_word' id='word_1_351' title='bbox 758 2560 772 2578; x_wconf 87' lang='lat'>‚</span> <span class='ocrx_word' id='word_1_352' title='bbox 802 2536 851 2572; x_wconf 92' lang='lat' dir='ltr'>ut</span> <span class='ocrx_word' id='word_1_353' title='bbox 871 2525 1090 2587; x_wconf 76' lang='lat' dir='ltr'>suppressa</span> <span class='ocrx_word' id='word_1_354' title='bbox 1120 2529 1345 2579; x_wconf 87' lang='lat' dir='ltr'>Parochia</span> <span class='ocrx_word' id='word_1_355' title='bbox 1366 2531 1392 2576; x_wconf 85' lang='lat' dir='ltr'>S</span> <span class='ocrx_word' id='word_1_356' title='bbox 1430 2531 1627 2578; x_wconf 88' lang='lat' dir='ltr'>Andreae</span> <span class='ocrx_word' id='word_1_357' title='bbox 1648 2567 1661 2585; x_wconf 92' lang='lat'>‚</span> <span class='ocrx_word' id='word_1_358' title='bbox 1694 2530 1820 2577; x_wconf 66' lang='lat' dir='ltr'>il‘am</span> <span class='ocrx_word' id='word_1_359' title='bbox 1837 2546 1939 2578; x_wconf 89' lang='lat' dir='ltr'>cum</span> <span class='ocrx_word' id='word_1_360' title='bbox 1959 2532 2046 2578; x_wconf 87' lang='lat' dir='ltr'>suis</span> <span class='ocrx_word' id='word_1_361' title='bbox 2072 2529 2324 2579; x_wconf 80' lang='lat' dir='ltr'>redditibus</span> <span class='ocrx_word' id='word_1_362' title='bbox 2344 2483 2436 2574; x_wconf 50' lang='lat' dir='ltr'>ins&gt;</span> 
     </span>
     <span class='ocr_line' id='line_1_36' title="bbox 544 2586 2493 2654; baseline 0.002 -19"><span class='ocrx_word' id='word_1_363' title='bbox 544 2586 744 2654; x_wconf 71' lang='lat' dir='ltr'>cularetti</span> <span class='ocrx_word' id='word_1_364' title='bbox 765 2586 1008 2637; x_wconf 68' lang='lat' dir='ltr'>Ecclesiam</span> <span class='ocrx_word' id='word_1_365' title='bbox 1036 2591 1077 2635; x_wconf 86' lang='lat' dir='ltr'>S.</span> <span class='ocrx_word' id='word_1_366' title='bbox 1102 2590 1264 2641; x_wconf 70' lang='lat' dir='ltr'>Mariae</span> <span class='ocrx_word' id='word_1_367' title='bbox 1287 2592 1554 2641; x_wconf 82' lang='lat' dir='ltr'>transferret</span> <span class='ocrx_word' id='word_1_368' title='bbox 1571 2629 1584 2648; x_wconf 90' lang='lat'>,</span> <span class='ocrx_word' id='word_1_369' title='bbox 1614 2595 1656 2641; x_wconf 80' lang='grc' dir='ltr'>δι</span> <span class='ocrx_word' id='word_1_370' title='bbox 1687 2609 1851 2640; x_wconf 86' lang='lat' dir='ltr'>novam</span> <span class='ocrx_word' id='word_1_371' title='bbox 1873 2594 2184 2642; x_wconf 85' lang='lat' dir='ltr'>Parochialem</span> <span class='ocrx_word' id='word_1_372' title='bbox 2210 2608 2310 2641; x_wconf 86' lang='lat' dir='ltr'>cum</span> <span class='ocrx_word' id='word_1_373' title='bbox 2335 2592 2458 2638; x_wconf 82' lang='lat' dir='ltr'>Dote</span> <span class='ocrx_word' id='word_1_374' title='bbox 2475 2622 2493 2644; x_wconf 69' lang='lat'><em>2</em></span> 
     </span>
     <span class='ocr_line' id='line_1_37' title="bbox 543 2650 2490 2721; baseline 0.001 -22"><span class='ocrx_word' id='word_1_375' title='bbox 543 2663 680 2716; x_wconf 68' lang='lat' dir='ltr'>quam</span> <span class='ocrx_word' id='word_1_376' title='bbox 699 2650 795 2717; x_wconf 80' lang='lat' dir='ltr'>lpse</span> <span class='ocrx_word' id='word_1_377' title='bbox 811 2651 1110 2701; x_wconf 71' lang='lat' dir='ltr'>constituisset</span> <span class='ocrx_word' id='word_1_378' title='bbox 1130 2689 1144 2707; x_wconf 89' lang='lat'>,</span> <span class='ocrx_word' id='word_1_379' title='bbox 1176 2655 1222 2701; x_wconf 89' lang='lat' dir='ltr'>in</span> <span class='ocrx_word' id='word_1_380' title='bbox 1241 2656 1547 2720; x_wconf 86' lang='lat' dir='ltr'>Collegiatam</span> <span class='ocrx_word' id='word_1_381' title='bbox 1567 2658 1763 2721; x_wconf 86' lang='lat' dir='ltr'>erigeret</span> <span class='ocrx_word' id='word_1_382' title='bbox 1784 2694 1793 2705; x_wconf 87' lang='lat'><strong>.</strong></span> <span class='ocrx_word' id='word_1_383' title='bbox 1828 2657 2009 2704; x_wconf 88' lang='lat' dir='ltr'>Annuit</span> <span class='ocrx_word' id='word_1_384' title='bbox 2028 2659 2235 2704; x_wconf 76' lang='lat' dir='ltr'>Summus</span> <span class='ocrx_word' id='word_1_385' title='bbox 2257 2652 2458 2702; x_wconf 77' lang='lat' dir='ltr'>Pontifex</span> <span class='ocrx_word' id='word_1_386' title='bbox 2473 2687 2490 2706; x_wconf 86' lang='lat'><em>,</em></span> 
     </span>
     <span class='ocr_line' id='line_1_38' title="bbox 544 2704 2491 2783; baseline -0.001 -20"><span class='ocrx_word' id='word_1_387' title='bbox 544 2713 585 2759; x_wconf 71' lang='grc' dir='ltr'>ἃ</span> <span class='ocrx_word' id='word_1_388' title='bbox 609 2704 773 2782; x_wconf 51' lang='lat' dir='ltr'>Literis</span> <span class='ocrx_word' id='word_1_389' title='bbox 792 2715 1073 2774; x_wconf 84' lang='lat' dir='ltr'>Apostolicis</span> <span class='ocrx_word' id='word_1_390' title='bbox 1089 2719 1207 2766; x_wconf 87' lang='lat' dir='ltr'>datis</span> <span class='ocrx_word' id='word_1_391' title='bbox 1227 2735 1350 2768; x_wconf 87' lang='lat' dir='ltr'>anno</span> <span class='ocrx_word' id='word_1_392' title='bbox 1373 2724 1502 2772; x_wconf 81' lang='lat'>1613.</span> <span class='ocrx_word' id='word_1_393' title='bbox 1520 2755 1533 2774; x_wconf 87' lang='lat'>,</span> <span class='ocrx_word' id='word_1_394' title='bbox 1561 2721 1704 2769; x_wconf 89' lang='lat' dir='ltr'>veteri</span> <span class='ocrx_word' id='word_1_395' title='bbox 1727 2721 1944 2768; x_wconf 81' lang='lat' dir='ltr'>Parochia</span> <span class='ocrx_word' id='word_1_396' title='bbox 1959 2717 2177 2783; x_wconf 78' lang='lat' dir='ltr'>suppressa</span> <span class='ocrx_word' id='word_1_397' title='bbox 2198 2753 2212 2771; x_wconf 87' lang='lat'>‚</span> <span class='ocrx_word' id='word_1_398' title='bbox 2245 2733 2341 2765; x_wconf 83' lang='lat' dir='ltr'>eam</span> <span class='ocrx_word' id='word_1_399' title='bbox 2363 2729 2491 2763; x_wconf 81' lang='lat' dir='ltr'>trari-</span> 
     </span>
     <span class='ocr_line' id='line_1_39' title="bbox 546 2775 2486 2848; baseline 0.004 -27"><span class='ocrx_word' id='word_1_400' title='bbox 546 2775 669 2821; x_wconf 83' lang='lat' dir='ltr'>stulit</span> <span class='ocrx_word' id='word_1_401' title='bbox 686 2791 789 2821; x_wconf 89' lang='lat' dir='ltr'>cum</span> <span class='ocrx_word' id='word_1_402' title='bbox 813 2776 898 2825; x_wconf 87' lang='lat' dir='ltr'>suis</span> <span class='ocrx_word' id='word_1_403' title='bbox 923 2778 1171 2843; x_wconf 81' lang='lat' dir='ltr'>redditibus</span> <span class='ocrx_word' id='word_1_404' title='bbox 1200 2781 1246 2829; x_wconf 88' lang='lat' dir='ltr'>in</span> <span class='ocrx_word' id='word_1_405' title='bbox 1270 2782 1513 2832; x_wconf 83' lang='lat' dir='ltr'>Ecclesiam</span> <span class='ocrx_word' id='word_1_406' title='bbox 1534 2785 1573 2832; x_wconf 84' lang='lat' dir='ltr'>S.</span> <span class='ocrx_word' id='word_1_407' title='bbox 1595 2783 1760 2832; x_wconf 85' lang='lat' dir='ltr'>Mariae</span> <span class='ocrx_word' id='word_1_408' title='bbox 1779 2820 1792 2838; x_wconf 90' lang='lat'><strong>,</strong></span> <span class='ocrx_word' id='word_1_409' title='bbox 1826 2783 2005 2848; x_wconf 83' lang='lat' dir='ltr'>juflitqu</span> <span class='ocrx_word' id='word_1_410' title='bbox 2048 2817 2062 2836; x_wconf 87' lang='lat'><strong>,</strong></span> <span class='ocrx_word' id='word_1_411' title='bbox 2097 2796 2146 2830; x_wconf 92' lang='lat' dir='ltr'>ut</span> <span class='ocrx_word' id='word_1_412' title='bbox 2169 2783 2212 2827; x_wconf 89' lang='lat' dir='ltr'>in</span> <span class='ocrx_word' id='word_1_413' title='bbox 2232 2784 2384 2829; x_wconf 84' lang='lat' dir='ltr'>eadem</span> <span class='ocrx_word' id='word_1_414' title='bbox 2400 2781 2486 2828; x_wconf 83' lang='lat' dir='ltr'>Ec·</span> 
     </span>
     <span class='ocr_line' id='line_1_40' title="bbox 543 2801 2484 2908; baseline 0.003 -26"><span class='ocrx_word' id='word_1_415' title='bbox 543 2835 674 2904; x_wconf 78' lang='lat' dir='ltr'>clefia</span> <span class='ocrx_word' id='word_1_416' title='bbox 691 2838 956 2902; x_wconf 81' lang='lat' dir='ltr'>Collegium</span> <span class='ocrx_word' id='word_1_417' title='bbox 977 2846 1228 2904; x_wconf 81' lang='lat' dir='ltr'>erigeretur</span> <span class='ocrx_word' id='word_1_418' title='bbox 1246 2881 1259 2900; x_wconf 90' lang='lat'><strong>,</strong></span> <span class='ocrx_word' id='word_1_419' title='bbox 1295 2845 1341 2892; x_wconf 89' lang='lat' dir='ltr'>in</span> <span class='ocrx_word' id='word_1_420' title='bbox 1361 2862 1455 2908; x_wconf 90' lang='lat' dir='ltr'>quo</span> <span class='ocrx_word' id='word_1_421' title='bbox 1472 2845 1610 2895; x_wconf 83' lang='lat' dir='ltr'>effent</span> <span class='ocrx_word' id='word_1_422' title='bbox 1632 2844 1986 2905; x_wconf 82' lang='lat' dir='ltr'>Praepofituralis</span> <span class='ocrx_word' id='word_1_423' title='bbox 2009 2801 2226 2907; x_wconf 47' lang='lat' dir='ltr'>{ignitas</span> <span class='ocrx_word' id='word_1_424' title='bbox 2247 2879 2261 2896; x_wconf 85' lang='lat'>‚</span> <span class='ocrx_word' id='word_1_425' title='bbox 2294 2845 2367 2891; x_wconf 91' lang='lat' dir='ltr'>cui</span> <span class='ocrx_word' id='word_1_426' title='bbox 2385 2857 2484 2891; x_wconf 89' lang='lat' dir='ltr'>cura</span> 
     </span>
     <span class='ocr_line' id='line_1_41' title="bbox 544 2905 2484 2969; baseline 0.006 -27"><span class='ocrx_word' id='word_1_427' title='bbox 544 2914 796 2947; x_wconf 85' lang='lat' dir='ltr'>animarum</span> <span class='ocrx_word' id='word_1_428' title='bbox 815 2905 1095 2952; x_wconf 85' lang='lat' dir='ltr'>incumberet</span> <span class='ocrx_word' id='word_1_429' title='bbox 1114 2942 1128 2960; x_wconf 92' lang='lat'>‚</span> <span class='ocrx_word' id='word_1_430' title='bbox 1162 2908 1233 2954; x_wconf 84' lang='lat' dir='ltr'>sex</span> <span class='ocrx_word' id='word_1_431' title='bbox 1251 2909 1478 2957; x_wconf 87' lang='lat' dir='ltr'>Canonici</span> <span class='ocrx_word' id='word_1_432' title='bbox 1497 2944 1510 2962; x_wconf 90' lang='lat'>,</span> <span class='ocrx_word' id='word_1_433' title='bbox 1544 2911 1585 2956; x_wconf 86' lang='lat'>&amp;</span> <span class='ocrx_word' id='word_1_434' title='bbox 1605 2910 1693 2956; x_wconf 89' lang='lat' dir='ltr'>duo</span> <span class='ocrx_word' id='word_1_435' title='bbox 1710 2909 2005 2956; x_wconf 87' lang='lat' dir='ltr'>Mansionarii</span> <span class='ocrx_word' id='word_1_436' title='bbox 2026 2944 2041 2962; x_wconf 90' lang='lat'>,</span> <span class='ocrx_word' id='word_1_437' title='bbox 2068 2909 2142 2969; x_wconf 89' lang='lat' dir='ltr'>qui</span> <span class='ocrx_word' id='word_1_438' title='bbox 2157 2922 2312 2954; x_wconf 87' lang='lat' dir='ltr'>omnes</span> <span class='ocrx_word' id='word_1_439' title='bbox 2331 2908 2484 2954; x_wconf 77' lang='lat' dir='ltr'>Sacer-</span> 
     </span>
     <span class='ocr_line' id='line_1_42' title="bbox 544 2962 2484 3019; baseline -0.003 -2"><span class='ocrx_word' id='word_1_440' title='bbox 544 2963 667 3007; x_wconf 87' lang='lat' dir='ltr'>dotes</span> <span class='ocrx_word' id='word_1_441' title='bbox 690 2962 825 3011; x_wconf 77' lang='lat' dir='ltr'>essent</span> <span class='ocrx_word' id='word_1_442' title='bbox 845 3000 855 3010; x_wconf 85' lang='lat'><strong>.</strong></span> <span class='ocrx_word' id='word_1_443' title='bbox 898 2967 1069 3014; x_wconf 88' lang='lat' dir='ltr'>Dotem</span> <span class='ocrx_word' id='word_1_444' title='bbox 1090 2985 1114 3016; x_wconf 89' lang='lat' dir='ltr'>a</span> <span class='ocrx_word' id='word_1_445' title='bbox 1138 2968 1410 3019; x_wconf 86' lang='lat' dir='ltr'>Marchione</span> <span class='ocrx_word' id='word_1_446' title='bbox 1440 2973 1596 3019; x_wconf 83' lang='lat' dir='ltr'>datam</span> <span class='ocrx_word' id='word_1_447' title='bbox 1615 2987 1704 3019; x_wconf 86' lang='lat' dir='ltr'>una</span> <span class='ocrx_word' id='word_1_448' title='bbox 1725 2986 1828 3018; x_wconf 90' lang='lat' dir='ltr'>cum</span> <span class='ocrx_word' id='word_1_449' title='bbox 1849 2972 2018 3019; x_wconf 85' lang='lat' dir='ltr'>veteris</span> <span class='ocrx_word' id='word_1_450' title='bbox 2037 2969 2266 3019; x_wconf 85' lang='lat' dir='ltr'>Parocliiae</span> <span class='ocrx_word' id='word_1_451' title='bbox 2297 2967 2484 3016; x_wconf 86' lang='lat' dir='ltr'>redditi·</span> 
     </span>
     <span class='ocr_line' id='line_1_43' title="bbox 546 3022 2481 3097; baseline 0.003 -26"><span class='ocrx_word' id='word_1_452' title='bbox 546 3022 632 3068; x_wconf 83' lang='lat' dir='ltr'>bus</span> <span class='ocrx_word' id='word_1_453' title='bbox 652 3024 925 3088; x_wconf 80' lang='lat' dir='ltr'>Collegiatae</span> <span class='ocrx_word' id='word_1_454' title='bbox 943 3028 1181 3092; x_wconf 73' lang='lat' dir='ltr'>assignavit</span> <span class='ocrx_word' id='word_1_455' title='bbox 1201 3067 1215 3086; x_wconf 93' lang='lat'>,</span> <span class='ocrx_word' id='word_1_456' title='bbox 1247 3046 1502 3096; x_wconf 85' lang='lat' dir='ltr'>certamque</span> <span class='ocrx_word' id='word_1_457' title='bbox 1518 3033 1701 3097; x_wconf 83' lang='lat' dir='ltr'>singulis</span> <span class='ocrx_word' id='word_1_458' title='bbox 1719 3033 2001 3080; x_wconf 86' lang='lat' dir='ltr'>Praebendam</span> <span class='ocrx_word' id='word_1_459' title='bbox 2021 3069 2034 3087; x_wconf 91' lang='lat'><em>,</em></span> <span class='ocrx_word' id='word_1_460' title='bbox 2060 3031 2298 3093; x_wconf 61' lang='lat' dir='ltr'>Praeposito</span> <span class='ocrx_word' id='word_1_461' title='bbox 2326 3045 2481 3088; x_wconf 83' lang='lat' dir='ltr'>nempe</span> 
     </span>
     <span class='ocr_line' id='line_1_44' title="bbox 547 3089 2483 3154; baseline 0.002 -21"><span class='ocrx_word' id='word_1_462' title='bbox 547 3100 694 3154; x_wconf 76' lang='lat' dir='ltr'>annua</span> <span class='ocrx_word' id='word_1_463' title='bbox 714 3089 827 3135; x_wconf 87' lang='lat' dir='ltr'>scut.</span> <span class='ocrx_word' id='word_1_464' title='bbox 846 3103 947 3139; x_wconf 84' lang='lat'><em>200.</em></span> <span class='ocrx_word' id='word_1_465' title='bbox 970 3129 984 3146; x_wconf 90' lang='lat'>,</span> <span class='ocrx_word' id='word_1_466' title='bbox 1018 3096 1061 3140; x_wconf 65' lang='grc' dir='ltr'>δι</span> <span class='ocrx_word' id='word_1_467' title='bbox 1077 3095 1160 3142; x_wconf 89' lang='lat' dir='ltr'>hoc</span> <span class='ocrx_word' id='word_1_468' title='bbox 1178 3097 1372 3151; x_wconf 75' lang='lat' dir='ltr'>amplius</span> <span class='ocrx_word' id='word_1_469' title='bbox 1387 3097 1696 3145; x_wconf 88' lang='lat' dir='ltr'>emolumenta</span> <span class='ocrx_word' id='word_1_470' title='bbox 1718 3097 1885 3142; x_wconf 85' lang='lat' dir='ltr'>incerta</span> <span class='ocrx_word' id='word_1_471' title='bbox 1915 3096 2048 3144; x_wconf 73' lang='lat' dir='ltr'>Curae</span> <span class='ocrx_word' id='word_1_472' title='bbox 2067 3130 2081 3149; x_wconf 91' lang='lat'><strong>,</strong></span> <span class='ocrx_word' id='word_1_473' title='bbox 2114 3095 2363 3143; x_wconf 87' lang='lat' dir='ltr'>Canonicis</span> <span class='ocrx_word' id='word_1_474' title='bbox 2399 3090 2483 3137; x_wconf 84' lang='lat' dir='ltr'>fin·</span> 
     </span>
     <span class='ocr_line' id='line_1_45' title="bbox 545 3147 2478 3219; baseline 0.003 -27"><span class='ocrx_word' id='word_1_475' title='bbox 545 3147 664 3213; x_wconf 83' lang='lat' dir='ltr'>gulis</span> <span class='ocrx_word' id='word_1_476' title='bbox 683 3165 828 3197; x_wconf 81' lang='lat' dir='ltr'>annua</span> <span class='ocrx_word' id='word_1_477' title='bbox 848 3153 956 3203; x_wconf 89' lang='lat' dir='ltr'>scut.</span> <span class='ocrx_word' id='word_1_478' title='bbox 977 3165 1058 3203; x_wconf 86' lang='lat'>60.</span> <span class='ocrx_word' id='word_1_479' title='bbox 1076 3192 1089 3208; x_wconf 91' lang='lat'>‚</span> <span class='ocrx_word' id='word_1_480' title='bbox 1123 3158 1434 3207; x_wconf 83' lang='lat' dir='ltr'>Mansionariis</span> <span class='ocrx_word' id='word_1_481' title='bbox 1452 3160 1567 3208; x_wconf 86' lang='lat' dir='ltr'>scut.</span> <span class='ocrx_word' id='word_1_482' title='bbox 1586 3175 1657 3214; x_wconf 84' lang='lat'>30·</span> <span class='ocrx_word' id='word_1_483' title='bbox 1693 3158 1981 3219; x_wconf 79' lang='lat' dir='ltr'>cappellano</span> <span class='ocrx_word' id='word_1_484' title='bbox 2008 3156 2309 3205; x_wconf 36' lang='lat' dir='ltr'>fivesffidituo</span> <span class='ocrx_word' id='word_1_485' title='bbox 2333 3167 2478 3209; x_wconf 81' lang='lat' dir='ltr'>annua</span> 
     </span>
     <span class='ocr_line' id='line_1_46' title="bbox 546 3212 2480 3284; baseline 0.004 -31"><span class='ocrx_word' id='word_1_486' title='bbox 546 3214 661 3256; x_wconf 75' lang='lat' dir='ltr'>icut.</span> <span class='ocrx_word' id='word_1_487' title='bbox 680 3226 735 3270; x_wconf 81' lang='lat'>25</span> <span class='ocrx_word' id='word_1_488' title='bbox 773 3212 1035 3284; x_wconf 70' lang='lat' dir='ltr'>patronatus</span> <span class='ocrx_word' id='word_1_489' title='bbox 1053 3219 1154 3273; x_wconf 85' lang='lat' dir='ltr'>Jura</span> <span class='ocrx_word' id='word_1_490' title='bbox 1174 3222 1435 3268; x_wconf 57' lang='lat' dir='ltr'>Mare-hioni</span> <span class='ocrx_word' id='word_1_491' title='bbox 1465 3223 1648 3282; x_wconf 86' lang='lat' dir='ltr'>ejusque</span> <span class='ocrx_word' id='word_1_492' title='bbox 1683 3219 2000 3268; x_wconf 88' lang='lat' dir='ltr'>successoribus</span> <span class='ocrx_word' id='word_1_493' title='bbox 2029 3222 2182 3273; x_wconf 90' lang='lat' dir='ltr'>dedit,</span> <span class='ocrx_word' id='word_1_494' title='bbox 2214 3217 2373 3278; x_wconf 89' lang='lat' dir='ltr'>quibus</span> <span class='ocrx_word' id='word_1_495' title='bbox 2407 3215 2480 3268; x_wconf 83' lang='lat' dir='ltr'>Jus</span> 
     </span>
     <span class='ocr_line' id='line_1_47' title="bbox 547 3270 2483 3345; baseline 0.002 -26"><span class='ocrx_word' id='word_1_496' title='bbox 547 3270 657 3341; x_wconf 74' lang='lat' dir='ltr'>esset</span> <span class='ocrx_word' id='word_1_497' title='bbox 680 3273 941 3345; x_wconf 78' lang='lat' dir='ltr'>Collegium</span> <span class='ocrx_word' id='word_1_498' title='bbox 957 3281 1208 3342; x_wconf 88' lang='lat' dir='ltr'>dirigendi,</span> <span class='ocrx_word' id='word_1_499' title='bbox 1238 3284 1380 3330; x_wconf 84' lang='lat' dir='ltr'>vestes</span> <span class='ocrx_word' id='word_1_500' title='bbox 1399 3285 1739 3332; x_wconf 83' lang='lat' dir='ltr'>Canonicorum</span> <span class='ocrx_word' id='word_1_501' title='bbox 1764 3318 1778 3336; x_wconf 88' lang='lat'><strong>,</strong></span> <span class='ocrx_word' id='word_1_502' title='bbox 1808 3284 1849 3329; x_wconf 84' lang='lat'>&amp;</span> <span class='ocrx_word' id='word_1_503' title='bbox 1875 3284 2278 3331; x_wconf 79' lang='lat' dir='ltr'>Mansionariorutn</span> <span class='ocrx_word' id='word_1_504' title='bbox 2295 3278 2483 3338; x_wconf 84' lang='lat' dir='ltr'>seligen-</span> 
     </span>
     <span class='ocr_line' id='line_1_48' title="bbox 547 3335 2479 3408; baseline 0 -23"><span class='ocrx_word' id='word_1_505' title='bbox 547 3335 630 3387; x_wconf 83' lang='lat' dir='ltr'>dl,</span> <span class='ocrx_word' id='word_1_506' title='bbox 657 3340 879 3407; x_wconf 76' lang='lat' dir='ltr'>condendi</span> <span class='ocrx_word' id='word_1_507' title='bbox 907 3341 1048 3404; x_wconf 85' lang='lat' dir='ltr'>Leges</span> <span class='ocrx_word' id='word_1_508' title='bbox 1068 3376 1082 3393; x_wconf 88' lang='lat'>,</span> <span class='ocrx_word' id='word_1_509' title='bbox 1121 3345 1162 3389; x_wconf 84' lang='lat'><strong>&amp;</strong></span> <span class='ocrx_word' id='word_1_510' title='bbox 1187 3345 1352 3393; x_wconf 78' lang='lat' dir='ltr'>statuta</span> <span class='ocrx_word' id='word_1_511' title='bbox 1374 3346 1692 3408; x_wconf 86' lang='lat' dir='ltr'>Capitularia,</span> <span class='ocrx_word' id='word_1_512' title='bbox 1721 3361 1862 3407; x_wconf 87' lang='lat' dir='ltr'>eaque</span> <span class='ocrx_word' id='word_1_513' title='bbox 1882 3359 2018 3408; x_wconf 80' lang='lat' dir='ltr'>prout</span> <span class='ocrx_word' id='word_1_514' title='bbox 2045 3345 2202 3391; x_wconf 81' lang='lat' dir='ltr'>melius</span> <span class='ocrx_word' id='word_1_515' title='bbox 2241 3339 2479 3387; x_wconf 83' lang='lat' dir='ltr'>collibuis-</span> 
     </span>
     <span class='ocr_line' id='line_1_49' title="bbox 550 3395 2478 3472; baseline 0.006 -34"><span class='ocrx_word' id='word_1_516' title='bbox 550 3395 613 3440; x_wconf 84' lang='lat' dir='ltr'>set</span> <span class='ocrx_word' id='word_1_517' title='bbox 635 3432 648 3450; x_wconf 85' lang='lat'>,</span> <span class='ocrx_word' id='word_1_518' title='bbox 681 3403 925 3465; x_wconf 78' lang='lat' dir='ltr'>variandi,</span> <span class='ocrx_word' id='word_1_519' title='bbox 960 3407 1225 3454; x_wconf 80' lang='lat' dir='ltr'>&amp;mutand-i</span> <span class='ocrx_word' id='word_1_520' title='bbox 1246 3442 1260 3462; x_wconf 85' lang='lat'>,</span> <span class='ocrx_word' id='word_1_521' title='bbox 1297 3409 1541 3455; x_wconf 58' lang='lat' dir='ltr'>interdieta</span> <span class='ocrx_word' id='word_1_522' title='bbox 1573 3424 1754 3472; x_wconf 82' lang='lat' dir='ltr'>quoque</span> <span class='ocrx_word' id='word_1_523' title='bbox 1786 3408 2007 3456; x_wconf 86' lang='lat' dir='ltr'>facultate</span> <span class='ocrx_word' id='word_1_524' title='bbox 2028 3403 2217 3467; x_wconf 84' lang='lat' dir='ltr'>augendi</span> <span class='ocrx_word' id='word_1_525' title='bbox 2241 3416 2478 3450; x_wconf 80' lang='lat' dir='ltr'>numerum</span> 
     </span>
     <span class='ocr_line' id='line_1_50' title="bbox 549 3454 2481 3529; baseline -0.001 -16"><span class='ocrx_word' id='word_1_526' title='bbox 549 3454 886 3529; x_wconf 77' lang='lat' dir='ltr'>Canonicomm</span> <span class='ocrx_word' id='word_1_527' title='bbox 907 3465 997 3512; x_wconf 88' lang='lat' dir='ltr'>sine</span> <span class='ocrx_word' id='word_1_528' title='bbox 1018 3467 1204 3516; x_wconf 79' lang='lat' dir='ltr'>Patroni</span> <span class='ocrx_word' id='word_1_529' title='bbox 1236 3469 1485 3524; x_wconf 86' lang='lat' dir='ltr'>consensu,</span> <span class='ocrx_word' id='word_1_530' title='bbox 1520 3472 1561 3518; x_wconf 87' lang='lat'>&amp;</span> <span class='ocrx_word' id='word_1_531' title='bbox 1583 3472 1671 3519; x_wconf 89' lang='lat' dir='ltr'>sine</span> <span class='ocrx_word' id='word_1_532' title='bbox 1704 3470 1872 3518; x_wconf 87' lang='lat' dir='ltr'>Literis</span> <span class='ocrx_word' id='word_1_533' title='bbox 1903 3466 2200 3528; x_wconf 57' lang='lat' dir='ltr'>Apostolicis‘:</span> <span class='ocrx_word' id='word_1_534' title='bbox 2234 3465 2481 3527; x_wconf 19' lang='lat' dir='ltr'>quaeUSum-</span> 
     </span>
     <span class='ocr_line' id='line_1_51' title="bbox 548 3520 2482 3590; baseline 0.006 -30"><span class='ocrx_word' id='word_1_535' title='bbox 548 3531 644 3563; x_wconf 82' lang='lat' dir='ltr'>mus</span> <span class='ocrx_word' id='word_1_536' title='bbox 661 3520 874 3573; x_wconf 79' lang='lat' dir='ltr'>Pontifex</span> <span class='ocrx_word' id='word_1_537' title='bbox 907 3529 1088 3583; x_wconf 80' lang='lat' dir='ltr'>jusserat</span> <span class='ocrx_word' id='word_1_538' title='bbox 1119 3531 1368 3590; x_wconf 80' lang='lat' dir='ltr'>pleniflime</span> <span class='ocrx_word' id='word_1_539' title='bbox 1385 3548 1408 3578; x_wconf 92' lang='lat' dir='ltr'>a</span> <span class='ocrx_word' id='word_1_540' title='bbox 1433 3533 1624 3590; x_wconf 83' lang='lat' dir='ltr'>Vicario</span> <span class='ocrx_word' id='word_1_541' title='bbox 1639 3534 1860 3582; x_wconf 84' lang='lat' dir='ltr'>Generali</span> <span class='ocrx_word' id='word_1_542' title='bbox 1895 3530 2114 3586; x_wconf 79' lang='lat' dir='ltr'>Parmensi</span> <span class='ocrx_word' id='word_1_543' title='bbox 2134 3530 2416 3589; x_wconf 83' lang='lat' dir='ltr'>Exequutore</span> <span class='ocrx_word' id='word_1_544' title='bbox 2434 3527 2482 3571; x_wconf 82' lang='lat' dir='ltr'>in</span> 
     </span>
    </p>
   </div>
   <div class='ocr_carea' id='block_1_11' title="bbox 543 3577 2479 3764">
    <p class='ocr_par' dir='ltr' id='par_1_11' title="bbox 543 3577 2479 3764">
     <span class='ocr_line' id='line_1_52' title="bbox 548 3577 2479 3658; baseline 0.007 -36"><span class='ocrx_word' id='word_1_545' title='bbox 548 3577 716 3627; x_wconf 80' lang='lat' dir='ltr'>Lite-ris</span> <span class='ocrx_word' id='word_1_546' title='bbox 735 3586 840 3657; x_wconf 80' lang='lat' dir='ltr'>dato</span> <span class='ocrx_word' id='word_1_547' title='bbox 855 3604 1078 3647; x_wconf 81' lang='lat' dir='ltr'>exequuta</span> <span class='ocrx_word' id='word_1_548' title='bbox 1095 3593 1227 3650; x_wconf 77' lang='lat' dir='ltr'>sunt,</span> <span class='ocrx_word' id='word_1_549' title='bbox 1257 3595 1463 3657; x_wconf 76' lang='lat' dir='ltr'>idemque</span> <span class='ocrx_word' id='word_1_550' title='bbox 1482 3596 1571 3645; x_wconf 85' lang='lat' dir='ltr'>fuit</span> <span class='ocrx_word' id='word_1_551' title='bbox 1599 3596 1764 3658; x_wconf 79' lang='lat' dir='ltr'>semper</span> <span class='ocrx_word' id='word_1_552' title='bbox 1800 3593 2146 3655; x_wconf 75' lang='lat' dir='ltr'>capitularium</span> <span class='ocrx_word' id='word_1_553' title='bbox 2185 3604 2398 3640; x_wconf 84' lang='lat' dir='ltr'>numerus</span> <span class='ocrx_word' id='word_1_554' title='bbox 2426 3591 2479 3635; x_wconf 79' lang='lat' dir='ltr'>ad</span> 
     </span>
     <span class='ocr_line' id='line_1_53' title="bbox 543 3645 2266 3707; baseline 0.008 -20"><span class='ocrx_word' id='word_1_555' title='bbox 543 3653 715 3690; x_wconf 77' lang='lat' dir='ltr'>annum</span> <span class='ocrx_word' id='word_1_556' title='bbox 741 3645 872 3706; x_wconf 86' lang='lat' dir='ltr'>usque</span> <span class='ocrx_word' id='word_1_557' title='bbox 897 3654 1027 3707; x_wconf 81' lang='lat'>1688,</span> <span class='ocrx_word' id='word_1_558' title='bbox 2263 3699 2266 3701; x_wconf 83' lang='grc'><em>,</em></span> 
     </span>
     <span class='ocr_line' id='line_1_54' title="bbox 2321 3712 2421 3764; baseline -0.04 0"><span class='ocrx_word' id='word_1_559' title='bbox 2321 3712 2421 3764; x_wconf 83' lang='lat' dir='ltr'>Hoc</span> 
     </span>
    </p>
   </div>
   <div class='ocr_carea' id='block_1_12' title="bbox 2439 2549 2488 2573">
    <p class='ocr_par' dir='ltr' id='par_1_12' title="bbox 2439 2549 2488 2573">
     <span class='ocr_line' id='line_1_55' title="bbox 2439 2549 2488 2573; baseline 0 -11"><span class='ocrx_word' id='word_1_560' title='bbox 2439 2549 2488 2573; x_wconf 41' lang='lat' dir='ltr'>b·-</span> 
     </span>
    </p>
   </div>
  </div>
 </body>
</html>
