2571 3961
713 206 737 237 2

707 204 912 307 τέἷεξὶο
933 289 946 312 ,
965 252 1229 317 josephum
1258 286 1277 311 ,
1295 249 1339 302 8(
1361 247 1596 300 Blancatn
1621 258 1905 299 terruerunt
1930 278 1947 303 ,
1977 258 2028 298 ut
2051 244 2310 313 fugerint,
2355 246 2398 298 8(
2420 254 2478 303 ab

701 325 919 376 Ecclesia
941 359 953 380 ‚
991 324 1035 373 8(
1059 327 1117 374 ab
1140 321 1347 383 Oppido
1370 315 1696 369 Avenionem
1715 313 1917 371 versus;
1952 315 2031 366 sed
2068 318 2266 370 retraffi
2285 320 2332 368 iu
2360 318 2473 384 Ορ-

696 393 871 458 pidum
891 396 949 443 ab
975 403 1168 444 armato
1184 390 1395 438 homine
1417 420 1430 442 ‚
1472 395 1620 450 atque
1641 383 1752 436 aliis
1772 384 1948 449 puellae
1967 383 2352 452 consanguineis
2377 394 2473 440 ob-

697 463 830 516 viam
855 460 1173 513 venientibus
1198 496 1210 519 ,
1239 453 1416 519 joseph
1446 449 1658 518 dilapsus
1683 456 1749 504 est
1771 488 1784 512 ,
1805 453 1971 518 puella
1991 470 2118 505 vcro
2143 457 2384 508 Paternos
2404 459 2473 511 la·

698 547 773 583 res
791 528 959 582 revisit
981 564 994 578 .
1037 527 1217 579 Paulus
1237 527 1428 578 Dumas
1446 524 1674 575 Elanchae
1710 521 1854 573 Pater
1876 523 2134 589 querelam
2158 526 2220 575 de
2242 527 2467 589 'raptu-fi-

698 600 775 650 liae
801 610 979 650 cont-ra
994 593 1260 661 Josephum
1284 591 1541 657 pronosuit
1566 611 1576 646 :
1610 588 1822 656 josepho
1848 609 1973 645 vero
1993 627 2007 650 ‚
2043 592 2174 646 adita
2195 591 2467 660 Episcopali

691 666 970 721 Audientia
986 707 1000 732 ,
1046 665 1437 718 matrimonium
1455 681 1570 717 cum
1592 662 1774 714 Blanca
1793 662 2090 715 contraxiffe
2108 665 2332 728 narravit
2351 699 2366 724 ,
2386 660 2468 727 sed

690 748 923 790 metuens
949 753 1118 804 poenas
1146 734 1351 787 indiftas
1371 736 1430 784 iis
1452 769 1466 788 ,
1501 734 1583 798 qni
1607 731 1752 794 hujus
1773 734 1970 798 generis
1993 734 2324 788 matrimonia
2345 749 2471 791 con·-

695 811 940 871 trahunt‚
979 807 1121 857 venit
1144 806 1345 856 tandem
1385 804 1445 854 ad
1478 806 1575 857 hoc
1591 799 1785 852 sacrum
1815 802 2057 855 Trilaunal
2082 804 2333 866 postulans
2359 841 2377 866 ‚
2405 801 2463 856 ut

667 938 669 940 ,
693 877 875 931 Blanca
896 877 945 927 in
970 875 1280 927 Monasterio
1299 884 1409 924 tuto
1429 871 1796 932 collocaretur,
1829 874 1964 936 quod
2001 869 2183 924 faftntn
2205 875 2271 926 est
2293 910 2310 926 .
2342 872 2468 926 Pro-

693 946 825 998 ceffu
860 944 1095 1012 confefflo
1133 948 1191 995 ab
1233 941 1472 1009 Episcopo
1493 975 1511 1002 ,
1547 951 1874 1003 compertum
1909 945 1975 992 est
2013 941 2295 996 Parochum
2333 939 2459 994 nihil

695 1014 879 1067 audisse
909 1052 923 1076 ,
945 1017 993 1068 &
1011 1015 1277 1079 conjeciffe
1300 1026 1494 1065 tantum
1518 1027 1603 1063 eos
1625 1007 2012 1061 matrimonium
2035 1015 2332 1063 contrahere
2353 1011 2468 1064 vel-

695 1085 774 1138 le:
799 1085 1007 1137 Petrum
1030 1085 1281 1137 Gouttard
1300 1082 1564 1136 Clericum
1590 1116 1604 1140 ,
1624 1077 1844 1144 quicum
1871 1080 2095 1131 Parocho
2113 1085 2286 1134 eratin
2312 1081 2465 1133 lacrass
2487 1087 2491 1093 '

699 1157 780 1206 rio
798 1191 813 1213 ,
850 1153 977 1206 nihil
997 1154 1183 1206 audiffe
1215 1167 1387 1218 praeter
1427 1153 1639 1204 verbnm
1659 1150 1864 1214 signore
1886 1165 1910 1199 a
1942 1148 2152 1214 josepho
2171 1151 2425 1215 prolatum
2450 1165 2464 1202 ε

702 1220 1029 1278 Franciscum
1051 1223 1293 1276 Tertivel
1316 1224 1488 1275 testem
1507 1236 1532 1271 a
1560 1215 1774 1283 Josepho
1792 1231 2045 1285 rogatum,
2063 1231 2115 1271 ut
2139 1220 2467 1272 matrimonio

698 1294 1049 1346 contrahendo
1068 1290 1277 1357 praesens
1310 1292 1448 1344 esset·
1466 1289 1593 1339 nihil
1629 1289 1810 1341 audiffe
1832 1303 2007 1352 praeter
2024 1305 2176 1342 voces
2198 1285 2425 1343 confusas
2448 1303 2465 1347 ς

696 1364 1021 1428 Praepositum
1044 1380 1262 1429 quoque,
1287 1362 1331 1413 &
1350 1359 1640 1414 canonicos
1665 1358 1902 1421 proximo
1921 1360 2098 1413 Choro
2121 1359 2244 1412 nihil
2266 1357 2468 1419 audisse,
2496 1416 2499 1420 ,

695 1433 830 1497 quod
852 1444 1090 1486 mutuum
1111 1428 1402 1485 consensum
1437 1430 1783 1492 exprimeret,
1823 1428 1865 1480 8(
1906 1438 2017 1481 ω’[η
2040 1429 2277 1482 Blancam
2302 1428 2468 1480 incre·

697 1502 880 1565 paffent
904 1541 920 1565 ‚
942 1502 985 1554 8(
1011 1504 1347 1569 objurgaffent
1369 1540 1383 1563 ,
1402 1497 1699 1563 respondiffe
1724 1514 1833 1549 eam
1861 1503 1953 1549 mei
1974 1498 2251 1566 Jurissumz
2271 1501 2389 1567 quid
2403 1500 2467 1550 ad

700 1572 764 1624 Te
788 1608 803 1623 .
819 1570 995 1637 Joseph
1017 1571 1257 1624 articulos
1279 1572 1467 1628 edidit,
1488 1570 1667 1633 quibus
1689 1564 1847 1634 posuit
1870 1571 2201 1630 praecedentes
2224 1581 2427 1621 amores
2449 1600 2466 1628 ,

697 1639 971 1694 traftatum
994 1641 1323 1694 contrahendi
1346 1638 1761 1693 matrimonium,
1782 1638 2279 1699 praeordinationes&
2298 1638 2466 1702 dispo—

696 1711 903 1763 finones
932 1746 946 1770 ,
984 1725 1216 1764 mutuum
1240 1706 1536 1763 consensum
1559 1712 1618 1760 ab
1646 1704 1753 1772 ipsis
1777 1707 2004 1759 Parocho
2021 1710 2297 1772 expressum
2344 1723 2467 1757 con-

698 1779 933 1833 feffiones
954 1783 1272 1834 matrimonii
1292 1779 1528 1833 contrafi'ti
1549 1796 1575 1830 a
1597 1778 1774 1830 Blanca
1808 1780 2033 1835 emmas,
2064 1794 2180 1830 cum
2217 1777 2265 1828 in
2300 1743 2469 1842 &ppi-

696 1852 820 1903 dum
844 1887 857 1908 ‚
896 1852 1208 1918 domumqae
1227 1864 1489 1917 paternam
1509 1848 1707 1899 reduc'ia
1729 1844 1826 1901 fuit
1851 1864 1862 1900 :
1900 1847 2080 1900 Blanca
2117 1847 2291 1900 omnia
2315 1860 2467 1913 nega·

695 1921 773 1972 vit
794 1958 808 1972 .
827 1920 983 1973 Causa
1007 1922 1307 1985 proponitur
1328 1957 1341 1980 ‚
1360 1920 1404 1972 8(
1423 1916 1638 1984 disputat
1656 1917 1831 1970 Blanca
1852 1952 1865 1973 ‚
1883 1913 2080 1979 ejusque
2097 1916 2243 1969 Pater
2261 1914 2463 1967 nullum

693 1987 1008 2042 contrastum
1034 1989 1174 2043 fuiffe
1196 1989 1584 2044 matrimonium
1609 2024 1622 2046 ,
1643 1986 1754 2051 quia
1775 1987 1925 2039 nullis
1951 1987 2162 2051 prolatis
2186 1987 2347 2055 verbis
2377 1992 2467 2036 ne*-
2495 2023 2499 2026 -

692 2073 788 2124 que
809 2059 1050 2119 paroc-ho,
1086 2077 1243 2126 neque
1262 2061 1459 2112 testibus
1480 2057 1756 2111 constiterit
1775 2058 1835 2108 de
1856 2069 2033 2108 mutuo
2051 2055 2225 2108 astuali
2251 2051 2465 2108 consen·-

693 2130 816 2181 suin
836 2132 1225 2183 matrimonium
1249 2169 1262 2183 .
1283 2132 1461 2193 Neque
1477 2145 1502 2179 a
1518 2125 1751 2192 Josephe,
1775 2141 1933 2192 neque
1953 2143 1980 2181 a
1997 2127 2253 2194 Defenfhre
2270 2125 2464 2178 Macri-

694 2203 840 2249 mom‘i
857 2199 1043 2262 aliquid
1061 2200 1330 2251 habuimus
1351 2236 1364 2250 .
1389 2197 1612 2248 Dubium
1631 2200 1698 2249 est
1719 2233 1733 2249 .

623 2271 707 2334 {Aa
723 2269 888 2335 constet
906 2272 963 2320 de
983 2272 1186 2320 Macrim
1194 2274 1296 2321 onio
1313 2272 1362 2321 in
1394 2267 1501 2334 cassu
1520 2268 1626 2324 &c-

765 2476 886 2534 Non
908 2477 1156 2545 proposita
1187 2514 1202 2531 .
