<?xml version="1.0" encoding="UTF-8"?>
<!DOCTYPE html PUBLIC "-//W3C//DTD XHTML 1.0 Transitional//EN"
    "http://www.w3.org/TR/xhtml1/DTD/xhtml1-transitional.dtd">
<html xmlns="http://www.w3.org/1999/xhtml" xml:lang="en" lang="en">
 <head>
  <title>
</title>
<meta http-equiv="Content-Type" content="text/html;charset=utf-8" />
  <meta name='ocr-system' content='tesseract 3.04.00' />
  <meta name='ocr-capabilities' content='ocr_page ocr_carea ocr_par ocr_line ocrx_word'/>
</head>
<body>
  <div class='ocr_page' id='page_1' title='image "./thesaurusresolut22cath_0435.png"; bbox 0 0 2571 3961; ppageno 0'>
   <div class='ocr_carea' id='block_1_1' title="bbox 77 174 1936 300">
    <p class='ocr_par' dir='ltr' id='par_1_1' title="bbox 77 174 1936 300">
     <span class='ocr_line' id='line_1_1' title="bbox 77 174 1936 300; baseline 0 -21"><span class='ocrx_word' id='word_1_1' title='bbox 77 234 145 289; x_wconf 83' lang='lat' dir='ltr'>II.</span> <span class='ocrx_word' id='word_1_2' title='bbox 182 228 266 282; x_wconf 76' lang='lat' dir='ltr'>An</span> <span class='ocrx_word' id='word_1_3' title='bbox 286 266 303 292; x_wconf 95' lang='lat'>‚</span> <span class='ocrx_word' id='word_1_4' title='bbox 336 228 404 283; x_wconf 69' lang='lat'>&amp;-</span> <span class='ocrx_word' id='word_1_5' title='bbox 427 230 641 300; x_wconf 69' lang='lat' dir='ltr'><em>quomodp</em></span> <span class='ocrx_word' id='word_1_6' title='bbox 651 228 710 287; x_wconf 77' lang='lat' dir='ltr'>lit</span> <span class='ocrx_word' id='word_1_7' title='bbox 725 231 1069 295; x_wconf 76' lang='lat' dir='ltr'>providendum</span> <span class='ocrx_word' id='word_1_8' title='bbox 1075 230 1224 298; x_wconf 81' lang='lat' dir='ltr'>super</span> <span class='ocrx_word' id='word_1_9' title='bbox 1229 231 1500 298; x_wconf 76' lang='lat' dir='ltr'>securitate</span> <span class='ocrx_word' id='word_1_10' title='bbox 1541 174 1936 296; x_wconf 50' lang='lat' dir='ltr'>diffaesubmitfiz</span> 
     </span>
    </p>
   </div>
   <div class='ocr_carea' id='block_1_2' title="bbox 82 298 1939 577">
    <p class='ocr_par' dir='ltr' id='par_1_2' title="bbox 281 298 1369 366">
     <span class='ocr_line' id='line_1_2' title="bbox 281 298 1369 366; baseline 0.001 -19"><span class='ocrx_word' id='word_1_11' title='bbox 281 298 523 364; x_wconf 80' lang='lat' dir='ltr'>strationis</span> <span class='ocrx_word' id='word_1_12' title='bbox 547 336 565 361; x_wconf 82' lang='lat'>‚</span> <span class='ocrx_word' id='word_1_13' title='bbox 600 302 660 354; x_wconf 62' lang='grc' dir='ltr'><strong><em>ὠ</em></strong></span> <span class='ocrx_word' id='word_1_14' title='bbox 678 303 1051 350; x_wconf 79' lang='lat' dir='ltr'><em>manutentionis</em></span> <span class='ocrx_word' id='word_1_15' title='bbox 1063 307 1112 352; x_wconf 86' lang='lat' dir='ltr'>in</span> <span class='ocrx_word' id='word_1_16' title='bbox 1132 306 1239 366; x_wconf 83' lang='lat' dir='ltr'>casu</span> <span class='ocrx_word' id='word_1_17' title='bbox 1263 301 1369 355; x_wconf 59' lang='lat' dir='ltr'>&amp;a</span> 
     </span>
    </p>

    <p class='ocr_par' dir='ltr' id='par_1_3' title="bbox 82 367 1939 577">
     <span class='ocr_line' id='line_1_3' title="bbox 82 367 1939 432; baseline -0.003 -10"><span class='ocrx_word' id='word_1_18' title='bbox 82 372 169 427; x_wconf 88' lang='lat'>111.</span> <span class='ocrx_word' id='word_1_19' title='bbox 204 368 286 421; x_wconf 82' lang='lat' dir='ltr'>An</span> <span class='ocrx_word' id='word_1_20' title='bbox 304 369 570 432; x_wconf 80' lang='lat' dir='ltr'>Refidentia</span> <span class='ocrx_word' id='word_1_21' title='bbox 590 369 881 420; x_wconf 59' lang='lat' dir='ltr'>vicariorum</span> <span class='ocrx_word' id='word_1_22' title='bbox 913 373 1118 430; x_wconf 79' lang='lat' dir='ltr'>Eccleliae</span> <span class='ocrx_word' id='word_1_23' title='bbox 1137 369 1436 420; x_wconf 64' lang='lat' dir='ltr'>parochialis</span> <span class='ocrx_word' id='word_1_24' title='bbox 1473 368 1530 416; x_wconf 82' lang='lat' dir='ltr'>S.</span> <span class='ocrx_word' id='word_1_25' title='bbox 1554 367 1695 417; x_wconf 81' lang='lat' dir='ltr'>Petri</span> <span class='ocrx_word' id='word_1_26' title='bbox 1737 370 1798 418; x_wconf 89' lang='lat' dir='ltr'>de</span> <span class='ocrx_word' id='word_1_27' title='bbox 1833 367 1939 419; x_wconf 87' lang='lat' dir='ltr'>Ta-</span> 
     </span>
     <span class='ocr_line' id='line_1_4' title="bbox 289 439 1936 506; baseline 0 -16"><span class='ocrx_word' id='word_1_28' title='bbox 289 441 468 490; x_wconf 84' lang='lat' dir='ltr'>bernas</span> <span class='ocrx_word' id='word_1_29' title='bbox 494 441 765 489; x_wconf 66' lang='lat' dir='ltr'>continuare·</span> <span class='ocrx_word' id='word_1_30' title='bbox 776 443 942 490; x_wconf 84' lang='lat' dir='ltr'>debeat</span> <span class='ocrx_word' id='word_1_31' title='bbox 966 455 1105 506; x_wconf 84' lang='lat' dir='ltr'>penes</span> <span class='ocrx_word' id='word_1_32' title='bbox 1127 446 1333 491; x_wconf 81' lang='lat' dir='ltr'>eamdem</span> <span class='ocrx_word' id='word_1_33' title='bbox 1359 439 1602 503; x_wconf 76' lang='lat' dir='ltr'>Ecclefiam</span> <span class='ocrx_word' id='word_1_34' title='bbox 1628 473 1643 497; x_wconf 89' lang='lat'><strong><em>,</em></strong></span> <span class='ocrx_word' id='word_1_35' title='bbox 1663 442 1758 503; x_wconf 76' lang='lat' dir='ltr'>jeu</span> <span class='ocrx_word' id='word_1_36' title='bbox 1772 443 1936 504; x_wconf 80' lang='lat' dir='ltr'>potius</span> 
     </span>
     <span class='ocr_line' id='line_1_5' title="bbox 288 507 1147 577; baseline 0.003 -20"><span class='ocrx_word' id='word_1_37' title='bbox 288 508 408 560; x_wconf 79' lang='lat' dir='ltr'>alibi</span> <span class='ocrx_word' id='word_1_38' title='bbox 412 509 479 572; x_wconf 86' lang='lat' dir='ltr'>sit</span> <span class='ocrx_word' id='word_1_39' title='bbox 498 507 820 571; x_wconf 59' lang='lat' dir='ltr'>tranferenda</span> <span class='ocrx_word' id='word_1_40' title='bbox 838 513 893 559; x_wconf 83' lang='lat' dir='ltr'>in</span> <span class='ocrx_word' id='word_1_41' title='bbox 914 512 1023 577; x_wconf 83' lang='lat' dir='ltr'>casu</span> <span class='ocrx_word' id='word_1_42' title='bbox 1039 513 1147 567; x_wconf 55' lang='lat' dir='ltr'>&amp;a</span> 
     </span>
    </p>
   </div>
   <div class='ocr_carea' id='block_1_3' title="bbox 91 707 1936 1058">
    <p class='ocr_par' dir='ltr' id='par_1_4' title="bbox 91 707 1936 1058">
     <span class='ocr_line' id='line_1_6' title="bbox 228 707 1931 778; baseline -0.001 -13"><span class='ocrx_word' id='word_1_43' title='bbox 228 711 401 770; x_wconf 83' lang='lat' dir='ltr'>Dilata</span> <span class='ocrx_word' id='word_1_44' title='bbox 420 750 433 774; x_wconf 90' lang='lat'><strong>‚</strong></span> <span class='ocrx_word' id='word_1_45' title='bbox 472 714 513 767; x_wconf 69' lang='grc' dir='ltr'>δι</span> <span class='ocrx_word' id='word_1_46' title='bbox 536 708 782 762; x_wconf 84' lang='lat' dir='ltr'>scribatur</span> <span class='ocrx_word' id='word_1_47' title='bbox 799 713 1017 766; x_wconf 89' lang='lat' dir='ltr'>Nuncio</span> <span class='ocrx_word' id='word_1_48' title='bbox 1039 711 1354 778; x_wconf 80' lang='lat' dir='ltr'>Apostolico</span> <span class='ocrx_word' id='word_1_49' title='bbox 1392 725 1485 774; x_wconf 91' lang='lat' dir='ltr'>pro</span> <span class='ocrx_word' id='word_1_50' title='bbox 1512 707 1889 764; x_wconf 86' lang='lat' dir='ltr'>informatione</span> <span class='ocrx_word' id='word_1_51' title='bbox 1915 717 1931 772; x_wconf 52' lang='grc' dir='ltr'><strong><em>ς</em></strong></span> 
     </span>
     <span class='ocr_line' id='line_1_7' title="bbox 96 779 1931 849; baseline -0.001 -11"><span class='ocrx_word' id='word_1_52' title='bbox 96 786 148 838; x_wconf 71' lang='lat' dir='ltr'>Sc</span> <span class='ocrx_word' id='word_1_53' title='bbox 180 797 341 843; x_wconf 81' lang='lat' dir='ltr'>vote,</span> <span class='ocrx_word' id='word_1_54' title='bbox 379 783 465 849; x_wconf 85' lang='lat' dir='ltr'>qui</span> <span class='ocrx_word' id='word_1_55' title='bbox 497 781 708 832; x_wconf 84' lang='lat' dir='ltr'>interim</span> <span class='ocrx_word' id='word_1_56' title='bbox 756 786 964 834; x_wconf 85' lang='lat' dir='ltr'>mandet</span> <span class='ocrx_word' id='word_1_57' title='bbox 1010 798 1101 848; x_wconf 82' lang='lat' dir='ltr'>per</span> <span class='ocrx_word' id='word_1_58' title='bbox 1134 783 1352 835; x_wconf 89' lang='lat' dir='ltr'>modum</span> <span class='ocrx_word' id='word_1_59' title='bbox 1375 779 1680 845; x_wconf 86' lang='lat' dir='ltr'>provifionis</span> <span class='ocrx_word' id='word_1_60' title='bbox 1702 815 1715 837; x_wconf 70' lang='lat'><strong>7</strong></span> <span class='ocrx_word' id='word_1_61' title='bbox 1753 781 1795 832; x_wconf 76' lang='grc'>8(</span> <span class='ocrx_word' id='word_1_62' title='bbox 1829 782 1931 834; x_wconf 86' lang='lat' dir='ltr'>fine</span> 
     </span>
     <span class='ocr_line' id='line_1_8' title="bbox 95 847 1936 918; baseline 0 -16"><span class='ocrx_word' id='word_1_63' title='bbox 95 853 386 918; x_wconf 70' lang='lat' dir='ltr'>praejudicio</span> <span class='ocrx_word' id='word_1_64' title='bbox 405 853 597 914; x_wconf 81' lang='lat' dir='ltr'>jurium</span> <span class='ocrx_word' id='word_1_65' title='bbox 627 849 853 913; x_wconf 84' lang='lat' dir='ltr'>partium</span> <span class='ocrx_word' id='word_1_66' title='bbox 876 848 1242 904; x_wconf 86' lang='lat' dir='ltr'>subministrari</span> <span class='ocrx_word' id='word_1_67' title='bbox 1297 866 1387 916; x_wconf 87' lang='lat' dir='ltr'>per</span> <span class='ocrx_word' id='word_1_68' title='bbox 1412 847 1677 900; x_wconf 86' lang='lat' dir='ltr'>Abbatem</span> <span class='ocrx_word' id='word_1_69' title='bbox 1713 852 1936 903; x_wconf 81' lang='lat' dir='ltr'>neceffa·</span> 
     </span>
     <span class='ocr_line' id='line_1_9' title="bbox 91 918 1935 989; baseline -0.002 -13"><span class='ocrx_word' id='word_1_70' title='bbox 91 926 164 976; x_wconf 86' lang='lat' dir='ltr'>ria</span> <span class='ocrx_word' id='word_1_71' title='bbox 185 939 277 989; x_wconf 83' lang='lat' dir='ltr'>pro</span> <span class='ocrx_word' id='word_1_72' title='bbox 298 920 644 975; x_wconf 78' lang='lat' dir='ltr'>celebratione</span> <span class='ocrx_word' id='word_1_73' title='bbox 666 920 937 970; x_wconf 77' lang='lat' dir='ltr'>Miffarum</span> <span class='ocrx_word' id='word_1_74' title='bbox 956 957 970 979; x_wconf 90' lang='lat'>‚</span> <span class='ocrx_word' id='word_1_75' title='bbox 1013 926 1060 972; x_wconf 68' lang='lat' dir='ltr'>Bt</span> <span class='ocrx_word' id='word_1_76' title='bbox 1080 918 1530 973; x_wconf 88' lang='lat' dir='ltr'>administratione</span> <span class='ocrx_word' id='word_1_77' title='bbox 1567 919 1935 973; x_wconf 84' lang='lat' dir='ltr'>Sacramento-</span> 
     </span>
     <span class='ocr_line' id='line_1_10' title="bbox 94 987 1823 1058; baseline -0.001 -15"><span class='ocrx_word' id='word_1_78' title='bbox 94 1007 211 1046; x_wconf 88' lang='lat' dir='ltr'>rum</span> <span class='ocrx_word' id='word_1_79' title='bbox 231 1030 248 1057; x_wconf 89' lang='lat'><strong>,</strong></span> <span class='ocrx_word' id='word_1_80' title='bbox 281 992 327 1044; x_wconf 72' lang='grc' dir='ltr'>ἃ</span> <span class='ocrx_word' id='word_1_81' title='bbox 346 991 407 1042; x_wconf 89' lang='lat' dir='ltr'>ad</span> <span class='ocrx_word' id='word_1_82' title='bbox 428 990 494 1042; x_wconf 85' lang='lat' dir='ltr'>D.</span> <span class='ocrx_word' id='word_1_83' title='bbox 518 989 868 1042; x_wconf 82' lang='lat' dir='ltr'>Secretarium</span> <span class='ocrx_word' id='word_1_84' title='bbox 891 1006 985 1058; x_wconf 84' lang='lat' dir='ltr'>pro</span> <span class='ocrx_word' id='word_1_85' title='bbox 1006 988 1359 1056; x_wconf 85' lang='lat' dir='ltr'>compulsoria</span> <span class='ocrx_word' id='word_1_86' title='bbox 1378 1023 1392 1047; x_wconf 89' lang='lat'>‚</span> <span class='ocrx_word' id='word_1_87' title='bbox 1432 988 1477 1041; x_wconf 77' lang='grc'>8(</span> <span class='ocrx_word' id='word_1_88' title='bbox 1501 987 1788 1041; x_wconf 84' lang='lat' dir='ltr'>remifforia</span> <span class='ocrx_word' id='word_1_89' title='bbox 1809 1027 1823 1042; x_wconf 87' lang='lat'><strong>.</strong></span> 
     </span>
    </p>
   </div>
   <div class='ocr_carea' id='block_1_4' title="bbox 94 1266 1950 3680">
    <p class='ocr_par' dir='ltr' id='par_1_5' title="bbox 227 1266 1935 1329">
     <span class='ocr_line' id='line_1_11' title="bbox 227 1266 1935 1329; baseline -0.001 -7"><span class='ocrx_word' id='word_1_90' title='bbox 227 1269 564 1329; x_wconf 77' lang='grc' dir='ltr'>ΑΡΟΑΝΑ,</span> <span class='ocrx_word' id='word_1_91' title='bbox 599 1270 723 1323; x_wconf 86' lang='lat' dir='ltr'>SEU</span> <span class='ocrx_word' id='word_1_92' title='bbox 759 1271 1061 1326; x_wconf 76' lang='lat' dir='ltr'><strong>CALVEN.</strong></span> <span class='ocrx_word' id='word_1_93' title='bbox 1103 1266 1562 1325; x_wconf 83' lang='lat' dir='ltr'><strong>MATRIMONII</strong></span> <span class='ocrx_word' id='word_1_94' title='bbox 1602 1305 1618 1320; x_wconf 89' lang='lat'><strong>.</strong></span> <span class='ocrx_word' id='word_1_95' title='bbox 1657 1267 1935 1321; x_wconf 62' lang='lat' dir='ltr'>Transactis</span> 
     </span>
    </p>

    <p class='ocr_par' dir='ltr' id='par_1_6' title="bbox 156 1336 1947 3119">
     <span class='ocr_line' id='line_1_12' title="bbox 241 1336 1939 1408; baseline -0.003 -15"><span class='ocrx_word' id='word_1_96' title='bbox 241 1344 342 1401; x_wconf 75' lang='lat' dir='ltr'>jam</span> <span class='ocrx_word' id='word_1_97' title='bbox 364 1339 550 1403; x_wconf 81' lang='lat' dir='ltr'><strong>septem</strong></span> <span class='ocrx_word' id='word_1_98' title='bbox 571 1341 710 1393; x_wconf 88' lang='lat' dir='ltr'>annis</span> <span class='ocrx_word' id='word_1_99' title='bbox 732 1378 745 1401; x_wconf 92' lang='lat'>‚</span> <span class='ocrx_word' id='word_1_100' title='bbox 779 1345 954 1408; x_wconf 86' lang='lat' dir='ltr'>quibus</span> <span class='ocrx_word' id='word_1_101' title='bbox 975 1341 1152 1407; x_wconf 87' lang='lat' dir='ltr'>Capuae</span> <span class='ocrx_word' id='word_1_102' title='bbox 1173 1358 1372 1394; x_wconf 89' lang='lat' dir='ltr'>moram</span> <span class='ocrx_word' id='word_1_103' title='bbox 1394 1349 1632 1397; x_wconf 85' lang='lat' dir='ltr'>traxerat,</span> <span class='ocrx_word' id='word_1_104' title='bbox 1674 1348 1727 1389; x_wconf 91' lang='lat' dir='ltr'>ut</span> <span class='ocrx_word' id='word_1_105' title='bbox 1768 1336 1939 1389; x_wconf 88' lang='lat' dir='ltr'>Medi-</span> 
     </span>
     <span class='ocr_line' id='line_1_13' title="bbox 156 1404 1938 1474; baseline -0.003 -13"><span class='ocrx_word' id='word_1_106' title='bbox 156 1411 284 1462; x_wconf 85' lang='lat' dir='ltr'>-cinae</span> <span class='ocrx_word' id='word_1_107' title='bbox 309 1410 475 1462; x_wconf 81' lang='lat' dir='ltr'>studiis</span> <span class='ocrx_word' id='word_1_108' title='bbox 498 1426 700 1474; x_wconf 78' lang='lat' dir='ltr'>operam</span> <span class='ocrx_word' id='word_1_109' title='bbox 746 1412 887 1463; x_wconf 87' lang='lat' dir='ltr'>daret</span> <span class='ocrx_word' id='word_1_110' title='bbox 925 1413 1096 1463; x_wconf 86' lang='lat' dir='ltr'>Petrus</span> <span class='ocrx_word' id='word_1_111' title='bbox 1132 1411 1379 1463; x_wconf 87' lang='lat' dir='ltr'>Borellius</span> <span class='ocrx_word' id='word_1_112' title='bbox 1416 1422 1559 1461; x_wconf 87' lang='lat' dir='ltr'>natus</span> <span class='ocrx_word' id='word_1_113' title='bbox 1598 1404 1895 1473; x_wconf 82' lang='lat' dir='ltr'>Pignattarii</span> <span class='ocrx_word' id='word_1_114' title='bbox 1920 1444 1938 1471; x_wconf 89' lang='lat'>,</span> 
     </span>
     <span class='ocr_line' id='line_1_14' title="bbox 162 1476 1937 1544; baseline -0.002 -14"><span class='ocrx_word' id='word_1_115' title='bbox 162 1478 295 1544; x_wconf 85' lang='lat' dir='ltr'>quod</span> <span class='ocrx_word' id='word_1_116' title='bbox 329 1477 586 1543; x_wconf 80' lang='lat' dir='ltr'>Oppidum</span> <span class='ocrx_word' id='word_1_117' title='bbox 621 1483 687 1531; x_wconf 85' lang='lat' dir='ltr'>est</span> <span class='ocrx_word' id='word_1_118' title='bbox 731 1481 1017 1534; x_wconf 73' lang='lat' dir='ltr'>Dioeceieos</span> <span class='ocrx_word' id='word_1_119' title='bbox 1052 1479 1303 1534; x_wconf 82' lang='lat' dir='ltr'>Calvenfis</span> <span class='ocrx_word' id='word_1_120' title='bbox 1344 1513 1360 1535; x_wconf 83' lang='lat'>‚</span> <span class='ocrx_word' id='word_1_121' title='bbox 1418 1478 1635 1530; x_wconf 86' lang='lat' dir='ltr'>Romam</span> <span class='ocrx_word' id='word_1_122' title='bbox 1670 1476 1812 1529; x_wconf 89' lang='lat' dir='ltr'>venit</span> <span class='ocrx_word' id='word_1_123' title='bbox 1845 1491 1937 1527; x_wconf 85' lang='lat' dir='ltr'>an·-</span> 
     </span>
     <span class='ocr_line' id='line_1_15' title="bbox 167 1546 1937 1616; baseline -0.002 -17"><span class='ocrx_word' id='word_1_124' title='bbox 167 1566 233 1599; x_wconf 85' lang='lat' dir='ltr'>no</span> <span class='ocrx_word' id='word_1_125' title='bbox 261 1565 410 1610; x_wconf 86' lang='lat'>1742.</span> <span class='ocrx_word' id='word_1_126' title='bbox 438 1583 451 1608; x_wconf 92' lang='lat'>‚</span> <span class='ocrx_word' id='word_1_127' title='bbox 486 1551 531 1599; x_wconf 65' lang='grc' dir='ltr'>ὅ(</span> <span class='ocrx_word' id='word_1_128' title='bbox 555 1552 655 1612; x_wconf 78' lang='lat' dir='ltr'>post</span> <span class='ocrx_word' id='word_1_129' title='bbox 682 1552 948 1601; x_wconf 78' lang='lat' dir='ltr'>triennium</span> <span class='ocrx_word' id='word_1_130' title='bbox 968 1551 1107 1616; x_wconf 88' lang='lat' dir='ltr'>petiit</span> <span class='ocrx_word' id='word_1_131' title='bbox 1130 1568 1154 1601; x_wconf 90' lang='lat' dir='ltr'>a</span> <span class='ocrx_word' id='word_1_132' title='bbox 1173 1552 1328 1602; x_wconf 79' lang='lat' dir='ltr'>Curia</span> <span class='ocrx_word' id='word_1_133' title='bbox 1346 1548 1677 1600; x_wconf 85' lang='lat' dir='ltr'>Ecclefiastica</span> <span class='ocrx_word' id='word_1_134' title='bbox 1704 1546 1937 1610; x_wconf 83' lang='lat' dir='ltr'>Capuana</span> 
     </span>
     <span class='ocr_line' id='line_1_16' title="bbox 162 1612 1937 1686; baseline -0.003 -16"><span class='ocrx_word' id='word_1_135' title='bbox 162 1617 552 1670; x_wconf 83' lang='lat' dir='ltr'>Testimoniales</span> <span class='ocrx_word' id='word_1_136' title='bbox 584 1617 754 1670; x_wconf 86' lang='lat' dir='ltr'>literas</span> <span class='ocrx_word' id='word_1_137' title='bbox 773 1616 863 1670; x_wconf 83' lang='lat' dir='ltr'>suae</span> <span class='ocrx_word' id='word_1_138' title='bbox 885 1619 1127 1673; x_wconf 83' lang='lat' dir='ltr'>libertatis</span> <span class='ocrx_word' id='word_1_139' title='bbox 1148 1659 1163 1682; x_wconf 88' lang='lat'>,</span> <span class='ocrx_word' id='word_1_140' title='bbox 1185 1619 1358 1686; x_wconf 85' lang='lat' dir='ltr'>easque</span> <span class='ocrx_word' id='word_1_141' title='bbox 1380 1617 1627 1670; x_wconf 83' lang='lat' dir='ltr'>obtinuit:</span> <span class='ocrx_word' id='word_1_142' title='bbox 1666 1615 1815 1668; x_wconf 88' lang='lat' dir='ltr'>Petiit</span> <span class='ocrx_word' id='word_1_143' title='bbox 1834 1612 1937 1664; x_wconf 86' lang='lat' dir='ltr'>eas-</span> 
     </span>
     <span class='ocr_line' id='line_1_17' title="bbox 159 1686 1937 1750; baseline -0.003 -12"><span class='ocrx_word' id='word_1_144' title='bbox 159 1688 275 1738; x_wconf 89' lang='lat' dir='ltr'>dem</span> <span class='ocrx_word' id='word_1_145' title='bbox 301 1702 328 1738; x_wconf 92' lang='lat' dir='ltr'>a</span> <span class='ocrx_word' id='word_1_146' title='bbox 349 1687 501 1738; x_wconf 85' lang='lat' dir='ltr'>Curia</span> <span class='ocrx_word' id='word_1_147' title='bbox 523 1687 854 1740; x_wconf 84' lang='lat' dir='ltr'>Ecclefiastica</span> <span class='ocrx_word' id='word_1_148' title='bbox 872 1689 1099 1742; x_wconf 87' lang='lat' dir='ltr'>Calvenfi</span> <span class='ocrx_word' id='word_1_149' title='bbox 1122 1728 1137 1749; x_wconf 74' lang='lat'><strong>‚</strong></span> <span class='ocrx_word' id='word_1_150' title='bbox 1178 1686 1259 1739; x_wconf 86' lang='lat' dir='ltr'>sed</span> <span class='ocrx_word' id='word_1_151' title='bbox 1286 1705 1365 1740; x_wconf 88' lang='lat' dir='ltr'>eas</span> <span class='ocrx_word' id='word_1_152' title='bbox 1387 1688 1664 1750; x_wconf 86' lang='lat' dir='ltr'>impetrare</span> <span class='ocrx_word' id='word_1_153' title='bbox 1707 1700 1806 1735; x_wconf 89' lang='lat' dir='ltr'>non</span> <span class='ocrx_word' id='word_1_154' title='bbox 1848 1700 1937 1747; x_wconf 83' lang='lat' dir='ltr'>po-</span> 
     </span>
     <span class='ocr_line' id='line_1_18' title="bbox 162 1751 1937 1821; baseline -0.001 -17"><span class='ocrx_word' id='word_1_155' title='bbox 162 1754 257 1804; x_wconf 89' lang='lat' dir='ltr'>tuit</span> <span class='ocrx_word' id='word_1_156' title='bbox 276 1755 621 1808; x_wconf 85' lang='lat' dir='ltr'>obsistentibus</span> <span class='ocrx_word' id='word_1_157' title='bbox 639 1758 788 1810; x_wconf 89' lang='lat' dir='ltr'>Anna</span> <span class='ocrx_word' id='word_1_158' title='bbox 802 1759 1062 1810; x_wconf 78' lang='lat' dir='ltr'>Savastano</span> <span class='ocrx_word' id='word_1_159' title='bbox 1101 1760 1325 1821; x_wconf 81' lang='lat' dir='ltr'>Capuana</span> <span class='ocrx_word' id='word_1_160' title='bbox 1347 1797 1358 1819; x_wconf 89' lang='lat'>‚</span> <span class='ocrx_word' id='word_1_161' title='bbox 1392 1753 1595 1820; x_wconf 82' lang='lat' dir='ltr'>ejusque</span> <span class='ocrx_word' id='word_1_162' title='bbox 1637 1751 1937 1819; x_wconf 75' lang='lat' dir='ltr'>consangui-</span> 
     </span>
     <span class='ocr_line' id='line_1_19' title="bbox 163 1822 1937 1887; baseline 0 -14"><span class='ocrx_word' id='word_1_163' title='bbox 163 1824 268 1875; x_wconf 89' lang='lat' dir='ltr'>neis</span> <span class='ocrx_word' id='word_1_164' title='bbox 289 1823 622 1878; x_wconf 81' lang='lat' dir='ltr'>accusantibus</span> <span class='ocrx_word' id='word_1_165' title='bbox 644 1829 875 1880; x_wconf 84' lang='lat' dir='ltr'>vitiatam</span> <span class='ocrx_word' id='word_1_166' title='bbox 899 1826 1037 1880; x_wconf 76' lang='lat' dir='ltr'>fuisse</span> <span class='ocrx_word' id='word_1_167' title='bbox 1059 1828 1259 1878; x_wconf 80' lang='lat' dir='ltr'>Annam</span> <span class='ocrx_word' id='word_1_168' title='bbox 1279 1844 1305 1878; x_wconf 89' lang='lat' dir='ltr'>a</span> <span class='ocrx_word' id='word_1_169' title='bbox 1328 1827 1478 1877; x_wconf 80' lang='lat' dir='ltr'>Petro</span> <span class='ocrx_word' id='word_1_170' title='bbox 1504 1822 1679 1885; x_wconf 58' lang='lat' dir='ltr'>injecta</span> <span class='ocrx_word' id='word_1_171' title='bbox 1718 1822 1796 1887; x_wconf 73' lang='lat' dir='ltr'>spe</span> <span class='ocrx_word' id='word_1_172' title='bbox 1825 1838 1937 1873; x_wconf 84' lang='lat' dir='ltr'>ma·</span> 
     </span>
     <span class='ocr_line' id='line_1_20' title="bbox 165 1890 1938 1962; baseline -0.003 -18"><span class='ocrx_word' id='word_1_173' title='bbox 165 1892 425 1946; x_wconf 84' lang='lat' dir='ltr'>trimonii:</span> <span class='ocrx_word' id='word_1_174' title='bbox 460 1894 597 1946; x_wconf 85' lang='lat' dir='ltr'>Cum</span> <span class='ocrx_word' id='word_1_175' title='bbox 617 1896 789 1947; x_wconf 88' lang='lat' dir='ltr'>dubius</span> <span class='ocrx_word' id='word_1_176' title='bbox 818 1897 934 1947; x_wconf 85' lang='lat' dir='ltr'>effet</span> <span class='ocrx_word' id='word_1_177' title='bbox 973 1897 1239 1962; x_wconf 79' lang='lat' dir='ltr'>Episcopus</span> <span class='ocrx_word' id='word_1_178' title='bbox 1258 1895 1513 1948; x_wconf 82' lang='lat' dir='ltr'>Calvenfis</span> <span class='ocrx_word' id='word_1_179' title='bbox 1532 1929 1546 1953; x_wconf 91' lang='lat'>‚</span> <span class='ocrx_word' id='word_1_180' title='bbox 1583 1911 1609 1945; x_wconf 94' lang='lat' dir='ltr'>a</span> <span class='ocrx_word' id='word_1_181' title='bbox 1628 1890 1938 1957; x_wconf 78' lang='lat' dir='ltr'>Consangui-</span> 
     </span>
     <span class='ocr_line' id='line_1_21' title="bbox 163 1961 1939 2033; baseline -0.003 -20"><span class='ocrx_word' id='word_1_182' title='bbox 163 1965 270 2013; x_wconf 88' lang='lat' dir='ltr'>neis</span> <span class='ocrx_word' id='word_1_183' title='bbox 292 1964 447 2013; x_wconf 87' lang='lat' dir='ltr'>Annae</span> <span class='ocrx_word' id='word_1_184' title='bbox 468 1964 593 2014; x_wconf 90' lang='lat' dir='ltr'>itum</span> <span class='ocrx_word' id='word_1_185' title='bbox 617 1966 681 2015; x_wconf 88' lang='lat' dir='ltr'>est</span> <span class='ocrx_word' id='word_1_186' title='bbox 703 1966 761 2016; x_wconf 85' lang='lat' dir='ltr'>ad</span> <span class='ocrx_word' id='word_1_187' title='bbox 787 1967 1174 2033; x_wconf 81' lang='lat' dir='ltr'>RegiosJudices</span> <span class='ocrx_word' id='word_1_188' title='bbox 1210 1966 1497 2025; x_wconf 85' lang='lat' dir='ltr'>Campanos</span> <span class='ocrx_word' id='word_1_189' title='bbox 1526 1999 1538 2021; x_wconf 92' lang='lat'>‚</span> <span class='ocrx_word' id='word_1_190' title='bbox 1571 1963 1654 2028; x_wconf 88' lang='lat' dir='ltr'>qui</span> <span class='ocrx_word' id='word_1_191' title='bbox 1692 1961 1939 2013; x_wconf 84' lang='lat' dir='ltr'>Salvatori</span> 
     </span>
     <span class='ocr_line' id='line_1_22' title="bbox 163 2031 1939 2099; baseline -0.003 -15"><span class='ocrx_word' id='word_1_192' title='bbox 163 2031 389 2084; x_wconf 87' lang='lat' dir='ltr'>Borellio</span> <span class='ocrx_word' id='word_1_193' title='bbox 429 2037 764 2098; x_wconf 86' lang='lat' dir='ltr'>mandarunt,</span> <span class='ocrx_word' id='word_1_194' title='bbox 802 2047 852 2086; x_wconf 90' lang='lat' dir='ltr'>ut</span> <span class='ocrx_word' id='word_1_195' title='bbox 897 2035 1095 2087; x_wconf 86' lang='lat' dir='ltr'>Petrum</span> <span class='ocrx_word' id='word_1_196' title='bbox 1124 2036 1283 2086; x_wconf 86' lang='lat' dir='ltr'>filium</span> <span class='ocrx_word' id='word_1_197' title='bbox 1325 2034 1543 2099; x_wconf 87' lang='lat' dir='ltr'>Capuam</span> <span class='ocrx_word' id='word_1_198' title='bbox 1584 2041 1844 2084; x_wconf 88' lang='lat' dir='ltr'>revocaret</span> <span class='ocrx_word' id='word_1_199' title='bbox 1879 2032 1939 2079; x_wconf 90' lang='lat' dir='ltr'>ab</span> 
     </span>
     <span class='ocr_line' id='line_1_23' title="bbox 162 2096 1942 2171; baseline -0.003 -19"><span class='ocrx_word' id='word_1_200' title='bbox 162 2103 304 2152; x_wconf 86' lang='lat' dir='ltr'>Urbe</span> <span class='ocrx_word' id='word_1_201' title='bbox 325 2139 341 2165; x_wconf 92' lang='lat'>,</span> <span class='ocrx_word' id='word_1_202' title='bbox 378 2102 522 2166; x_wconf 89' lang='lat' dir='ltr'>eique</span> <span class='ocrx_word' id='word_1_203' title='bbox 542 2100 743 2156; x_wconf 84' lang='lat' dir='ltr'>Annam</span> <span class='ocrx_word' id='word_1_204' title='bbox 769 2106 1040 2156; x_wconf 87' lang='lat' dir='ltr'>Connubio</span> <span class='ocrx_word' id='word_1_205' title='bbox 1058 2108 1287 2171; x_wconf 78' lang='lat' dir='ltr'>jungeret</span> <span class='ocrx_word' id='word_1_206' title='bbox 1314 2140 1326 2159; x_wconf 86' lang='lat'>‚</span> <span class='ocrx_word' id='word_1_207' title='bbox 1347 2101 1525 2154; x_wconf 56' lang='lat' dir='ltr'>indicta</span> <span class='ocrx_word' id='word_1_208' title='bbox 1550 2137 1562 2156; x_wconf 86' lang='lat'><strong>‚</strong></span> <span class='ocrx_word' id='word_1_209' title='bbox 1601 2102 1786 2152; x_wconf 86' lang='lat' dir='ltr'>fisecus</span> <span class='ocrx_word' id='word_1_210' title='bbox 1808 2096 1942 2151; x_wconf 88' lang='lat' dir='ltr'>face-</span> 
     </span>
     <span class='ocr_line' id='line_1_24' title="bbox 166 2165 1941 2238; baseline -0.003 -16"><span class='ocrx_word' id='word_1_211' title='bbox 166 2182 263 2232; x_wconf 85' lang='lat' dir='ltr'>ret,</span> <span class='ocrx_word' id='word_1_212' title='bbox 281 2186 425 2234; x_wconf 87' lang='lat' dir='ltr'>poena</span> <span class='ocrx_word' id='word_1_213' title='bbox 447 2172 744 2224; x_wconf 82' lang='lat' dir='ltr'>ducatorum</span> <span class='ocrx_word' id='word_1_214' title='bbox 769 2176 912 2226; x_wconf 78' lang='lat' dir='ltr'>mille</span> <span class='ocrx_word' id='word_1_215' title='bbox 927 2209 939 2231; x_wconf 88' lang='lat'>‚</span> <span class='ocrx_word' id='word_1_216' title='bbox 958 2176 1155 2238; x_wconf 77' lang='lat' dir='ltr'>eiusque</span> <span class='ocrx_word' id='word_1_217' title='bbox 1177 2173 1461 2236; x_wconf 82' lang='lat' dir='ltr'>quantitatis</span> <span class='ocrx_word' id='word_1_218' title='bbox 1482 2170 1728 2221; x_wconf 75' lang='lat' dir='ltr'>solvendae</span> <span class='ocrx_word' id='word_1_219' title='bbox 1748 2165 1941 2228; x_wconf 76' lang='lat' dir='ltr'>fidejut-</span> 
     </span>
     <span class='ocr_line' id='line_1_25' title="bbox 164 2238 1946 2296; baseline -0.003 -4"><span class='ocrx_word' id='word_1_220' title='bbox 164 2242 324 2292; x_wconf 80' lang='lat' dir='ltr'>sorem</span> <span class='ocrx_word' id='word_1_221' title='bbox 340 2243 400 2292; x_wconf 88' lang='lat' dir='ltr'>ab</span> <span class='ocrx_word' id='word_1_222' title='bbox 423 2258 485 2292; x_wconf 91' lang='lat' dir='ltr'>eo</span> <span class='ocrx_word' id='word_1_223' title='bbox 506 2243 609 2295; x_wconf 88' lang='lat' dir='ltr'>dari</span> <span class='ocrx_word' id='word_1_224' title='bbox 639 2245 949 2296; x_wconf 75' lang='lat' dir='ltr'>voluerunt:</span> <span class='ocrx_word' id='word_1_225' title='bbox 984 2243 1227 2295; x_wconf 84' lang='lat' dir='ltr'>Carceres</span> <span class='ocrx_word' id='word_1_226' title='bbox 1254 2241 1406 2291; x_wconf 83' lang='lat' dir='ltr'>etiam</span> <span class='ocrx_word' id='word_1_227' title='bbox 1445 2238 1755 2289; x_wconf 86' lang='lat' dir='ltr'>interminati</span> <span class='ocrx_word' id='word_1_228' title='bbox 1803 2238 1909 2288; x_wconf 80' lang='lat' dir='ltr'>sunt</span> <span class='ocrx_word' id='word_1_229' title='bbox 1930 2271 1946 2296; x_wconf 89' lang='lat'>‚</span> 
     </span>
     <span class='ocr_line' id='line_1_26' title="bbox 163 2306 1941 2375; baseline -0.003 -13"><span class='ocrx_word' id='word_1_230' title='bbox 163 2313 519 2373; x_wconf 81' lang='lat' dir='ltr'>bonorumque</span> <span class='ocrx_word' id='word_1_231' title='bbox 539 2313 771 2364; x_wconf 86' lang='lat' dir='ltr'>omnium</span> <span class='ocrx_word' id='word_1_232' title='bbox 797 2312 1191 2375; x_wconf 82' lang='lat' dir='ltr'>publicationem</span> <span class='ocrx_word' id='word_1_233' title='bbox 1217 2329 1227 2365; x_wconf 92' lang='lat'><strong>:</strong></span> <span class='ocrx_word' id='word_1_234' title='bbox 1269 2311 1440 2362; x_wconf 86' lang='lat' dir='ltr'>Frater</span> <span class='ocrx_word' id='word_1_235' title='bbox 1464 2325 1663 2372; x_wconf 84' lang='lat' dir='ltr'>quoque</span> <span class='ocrx_word' id='word_1_236' title='bbox 1686 2307 1820 2357; x_wconf 89' lang='lat' dir='ltr'>Petri</span> <span class='ocrx_word' id='word_1_237' title='bbox 1841 2306 1941 2360; x_wconf 88' lang='lat' dir='ltr'>Xa-</span> 
     </span>
     <span class='ocr_line' id='line_1_27' title="bbox 166 2373 1941 2448; baseline -0.004 -17"><span class='ocrx_word' id='word_1_238' title='bbox 166 2379 334 2431; x_wconf 88' lang='lat' dir='ltr'>verius</span> <span class='ocrx_word' id='word_1_239' title='bbox 356 2379 403 2430; x_wconf 88' lang='lat' dir='ltr'>iu</span> <span class='ocrx_word' id='word_1_240' title='bbox 427 2378 665 2433; x_wconf 87' lang='lat' dir='ltr'>Carceres</span> <span class='ocrx_word' id='word_1_241' title='bbox 685 2382 939 2448; x_wconf 61' lang='lat' dir='ltr'>conjectus</span> <span class='ocrx_word' id='word_1_242' title='bbox 960 2379 1054 2434; x_wconf 86' lang='lat' dir='ltr'>fuit</span> <span class='ocrx_word' id='word_1_243' title='bbox 1075 2398 1091 2438; x_wconf 87' lang='lat'>;</span> <span class='ocrx_word' id='word_1_244' title='bbox 1123 2398 1185 2432; x_wconf 90' lang='lat' dir='ltr'>eo</span> <span class='ocrx_word' id='word_1_245' title='bbox 1208 2378 1404 2431; x_wconf 85' lang='lat' dir='ltr'>tandem</span> <span class='ocrx_word' id='word_1_246' title='bbox 1428 2393 1499 2428; x_wconf 90' lang='lat' dir='ltr'>res</span> <span class='ocrx_word' id='word_1_247' title='bbox 1519 2378 1740 2432; x_wconf 82' lang='lat' dir='ltr'>devenit,</span> <span class='ocrx_word' id='word_1_248' title='bbox 1760 2386 1813 2427; x_wconf 92' lang='lat' dir='ltr'>ut</span> <span class='ocrx_word' id='word_1_249' title='bbox 1832 2373 1941 2426; x_wconf 85' lang='lat' dir='ltr'>Sal-</span> 
     </span>
     <span class='ocr_line' id='line_1_28' title="bbox 163 2442 1937 2515; baseline -0.003 -17"><span class='ocrx_word' id='word_1_250' title='bbox 163 2459 310 2499; x_wconf 90' lang='lat' dir='ltr'>vator</span> <span class='ocrx_word' id='word_1_251' title='bbox 333 2446 463 2500; x_wconf 82' lang='lat' dir='ltr'>senio</span> <span class='ocrx_word' id='word_1_252' title='bbox 482 2451 598 2503; x_wconf 75' lang='lat' dir='ltr'>licet</span> <span class='ocrx_word' id='word_1_253' title='bbox 616 2490 634 2515; x_wconf 87' lang='lat'>‚</span> <span class='ocrx_word' id='word_1_254' title='bbox 672 2456 949 2515; x_wconf 86' lang='lat' dir='ltr'>morboque</span> <span class='ocrx_word' id='word_1_255' title='bbox 969 2449 1225 2503; x_wconf 60' lang='lat' dir='ltr'>confet‘tus</span> <span class='ocrx_word' id='word_1_256' title='bbox 1241 2447 1459 2509; x_wconf 82' lang='lat' dir='ltr'>Capuam</span> <span class='ocrx_word' id='word_1_257' title='bbox 1485 2444 1735 2497; x_wconf 56' lang='lat' dir='ltr'>traductus</span> <span class='ocrx_word' id='word_1_258' title='bbox 1754 2442 1900 2496; x_wconf 87' lang='lat' dir='ltr'>fuerit</span> <span class='ocrx_word' id='word_1_259' title='bbox 1922 2476 1937 2499; x_wconf 87' lang='lat'>,</span> 
     </span>
     <span class='ocr_line' id='line_1_29' title="bbox 163 2510 1947 2579; baseline -0.001 -14"><span class='ocrx_word' id='word_1_260' title='bbox 163 2514 209 2565; x_wconf 73' lang='grc'>8(</span> <span class='ocrx_word' id='word_1_261' title='bbox 232 2518 279 2566; x_wconf 92' lang='lat' dir='ltr'>in</span> <span class='ocrx_word' id='word_1_262' title='bbox 299 2517 541 2571; x_wconf 86' lang='lat' dir='ltr'>Carceres</span> <span class='ocrx_word' id='word_1_263' title='bbox 559 2517 779 2570; x_wconf 78' lang='lat' dir='ltr'>detrusus</span> <span class='ocrx_word' id='word_1_264' title='bbox 797 2534 913 2571; x_wconf 84' lang='lat' dir='ltr'>cum</span> <span class='ocrx_word' id='word_1_265' title='bbox 932 2517 1304 2579; x_wconf 53' lang='lat' dir='ltr'>fidejuffore‘Jo:</span> <span class='ocrx_word' id='word_1_266' title='bbox 1321 2516 1527 2577; x_wconf 85' lang='lat' dir='ltr'>Baptista</span> <span class='ocrx_word' id='word_1_267' title='bbox 1551 2514 1779 2568; x_wconf 82' lang='lat' dir='ltr'>Stavola:</span> <span class='ocrx_word' id='word_1_268' title='bbox 1806 2510 1947 2577; x_wconf 85' lang='lat' dir='ltr'>supe-</span> 
     </span>
     <span class='ocr_line' id='line_1_30' title="bbox 164 2582 1944 2648; baseline -0.001 -14"><span class='ocrx_word' id='word_1_269' title='bbox 164 2597 298 2637; x_wconf 85' lang='lat' dir='ltr'>rerat</span> <span class='ocrx_word' id='word_1_270' title='bbox 321 2584 534 2640; x_wconf 85' lang='lat' dir='ltr'>Carolus</span> <span class='ocrx_word' id='word_1_271' title='bbox 555 2589 799 2641; x_wconf 83' lang='lat' dir='ltr'>Borellius</span> <span class='ocrx_word' id='word_1_272' title='bbox 821 2590 1094 2640; x_wconf 75' lang='lat' dir='ltr'>Salvatoris</span> <span class='ocrx_word' id='word_1_273' title='bbox 1134 2582 1328 2648; x_wconf 88' lang='lat' dir='ltr'>frater,</span> <span class='ocrx_word' id='word_1_274' title='bbox 1364 2586 1569 2634; x_wconf 79' lang='lat' dir='ltr'>Patruus</span> <span class='ocrx_word' id='word_1_275' title='bbox 1616 2584 1749 2634; x_wconf 80' lang='lat' dir='ltr'>Petri</span> <span class='ocrx_word' id='word_1_276' title='bbox 1787 2617 1801 2639; x_wconf 86' lang='lat'>,</span> <span class='ocrx_word' id='word_1_277' title='bbox 1836 2583 1944 2633; x_wconf 86' lang='lat' dir='ltr'>Ar-</span> 
     </span>
     <span class='ocr_line' id='line_1_31' title="bbox 166 2651 1946 2723; baseline -0.002 -18"><span class='ocrx_word' id='word_1_278' title='bbox 166 2653 516 2721; x_wconf 81' lang='lat' dir='ltr'>chipresbyter</span> <span class='ocrx_word' id='word_1_279' title='bbox 537 2659 829 2723; x_wconf 80' lang='lat' dir='ltr'>Pignattarii</span> <span class='ocrx_word' id='word_1_280' title='bbox 852 2676 863 2711; x_wconf 89' lang='lat'>:</span> <span class='ocrx_word' id='word_1_281' title='bbox 886 2660 980 2709; x_wconf 86' lang='lat' dir='ltr'>Hic</span> <span class='ocrx_word' id='word_1_282' title='bbox 995 2657 1223 2723; x_wconf 86' lang='lat' dir='ltr'>Capuam</span> <span class='ocrx_word' id='word_1_283' title='bbox 1243 2654 1517 2707; x_wconf 85' lang='lat' dir='ltr'>advocatur</span> <span class='ocrx_word' id='word_1_284' title='bbox 1543 2688 1558 2709; x_wconf 87' lang='lat'><strong>‚</strong></span> <span class='ocrx_word' id='word_1_285' title='bbox 1591 2655 1666 2703; x_wconf 83' lang='lat' dir='ltr'>lex</span> <span class='ocrx_word' id='word_1_286' title='bbox 1688 2651 1946 2708; x_wconf 88' lang='lat' dir='ltr'>indicitur,</span> 
     </span>
     <span class='ocr_line' id='line_1_32' title="bbox 163 2722 1936 2792; baseline 0.002 -19"><span class='ocrx_word' id='word_1_287' title='bbox 163 2723 377 2774; x_wconf 85' lang='lat' dir='ltr'>Romam</span> <span class='ocrx_word' id='word_1_288' title='bbox 403 2739 603 2790; x_wconf 78' lang='lat' dir='ltr'>pergat,</span> <span class='ocrx_word' id='word_1_289' title='bbox 637 2729 845 2779; x_wconf 90' lang='lat' dir='ltr'>Petrum</span> <span class='ocrx_word' id='word_1_290' title='bbox 865 2728 1068 2779; x_wconf 91' lang='lat' dir='ltr'>reducat</span> <span class='ocrx_word' id='word_1_291' title='bbox 1105 2727 1330 2792; x_wconf 86' lang='lat' dir='ltr'>Capuam</span> <span class='ocrx_word' id='word_1_292' title='bbox 1352 2758 1368 2780; x_wconf 80' lang='grc'><em>,</em></span> <span class='ocrx_word' id='word_1_293' title='bbox 1395 2722 1439 2774; x_wconf 76' lang='grc'>8(</span> <span class='ocrx_word' id='word_1_294' title='bbox 1482 2734 1532 2774; x_wconf 92' lang='lat' dir='ltr'>ut</span> <span class='ocrx_word' id='word_1_295' title='bbox 1561 2725 1715 2782; x_wconf 70' lang='lat' dir='ltr'>Anpae</span> <span class='ocrx_word' id='word_1_296' title='bbox 1757 2723 1936 2776; x_wconf 84' lang='lat' dir='ltr'>nubat3</span> 
     </span>
     <span class='ocr_line' id='line_1_33' title="bbox 165 2787 1944 2862; baseline -0.002 -19"><span class='ocrx_word' id='word_1_297' title='bbox 165 2793 406 2855; x_wconf 86' lang='lat' dir='ltr'>spondeat</span> <span class='ocrx_word' id='word_1_298' title='bbox 426 2793 469 2845; x_wconf 72' lang='lat' dir='ltr'>se</span> <span class='ocrx_word' id='word_1_299' title='bbox 490 2792 770 2849; x_wconf 77' lang='lat' dir='ltr'>lbluturum</span> <span class='ocrx_word' id='word_1_300' title='bbox 795 2798 1001 2849; x_wconf 90' lang='lat' dir='ltr'>ducatos</span> <span class='ocrx_word' id='word_1_301' title='bbox 1025 2813 1141 2862; x_wconf 83' lang='lat'><em>500.</em></span> <span class='ocrx_word' id='word_1_302' title='bbox 1166 2834 1182 2860; x_wconf 93' lang='lat'>‚</span> <span class='ocrx_word' id='word_1_303' title='bbox 1215 2793 1259 2846; x_wconf 73' lang='grc'>8(</span> <span class='ocrx_word' id='word_1_304' title='bbox 1278 2810 1303 2844; x_wconf 90' lang='lat' dir='ltr'>a</span> <span class='ocrx_word' id='word_1_305' title='bbox 1326 2791 1527 2844; x_wconf 83' lang='lat' dir='ltr'>Divinis</span> <span class='ocrx_word' id='word_1_306' title='bbox 1568 2787 1814 2854; x_wconf 78' lang='lat' dir='ltr'>suspensus</span> <span class='ocrx_word' id='word_1_307' title='bbox 1845 2790 1944 2852; x_wconf 85' lang='lat' dir='ltr'>fit,</span> 
     </span>
     <span class='ocr_line' id='line_1_34' title="bbox 168 2857 1946 2928; baseline -0.002 -17"><span class='ocrx_word' id='word_1_308' title='bbox 168 2862 420 2914; x_wconf 82' lang='lat' dir='ltr'>niPetrus</span> <span class='ocrx_word' id='word_1_309' title='bbox 435 2866 637 2928; x_wconf 88' lang='lat' dir='ltr'>redeat,</span> <span class='ocrx_word' id='word_1_310' title='bbox 672 2865 717 2916; x_wconf 75' lang='lat'>8&lt;</span> <span class='ocrx_word' id='word_1_311' title='bbox 746 2884 864 2919; x_wconf 91' lang='lat' dir='ltr'>cum</span> <span class='ocrx_word' id='word_1_312' title='bbox 894 2871 1039 2919; x_wconf 86' lang='lat' dir='ltr'>Anna</span> <span class='ocrx_word' id='word_1_313' title='bbox 1079 2862 1471 2918; x_wconf 86' lang='lat' dir='ltr'>matrimonium</span> <span class='ocrx_word' id='word_1_314' title='bbox 1507 2865 1802 2912; x_wconf 84' lang='lat' dir='ltr'>contrahat.</span> <span class='ocrx_word' id='word_1_315' title='bbox 1839 2857 1946 2909; x_wconf 90' lang='lat' dir='ltr'>Ro-</span> 
     </span>
     <span class='ocr_line' id='line_1_35' title="bbox 164 2927 1943 3003; baseline -0.001 -22"><span class='ocrx_word' id='word_1_316' title='bbox 164 2947 302 2982; x_wconf 87' lang='lat' dir='ltr'>mam</span> <span class='ocrx_word' id='word_1_317' title='bbox 332 2934 537 2986; x_wconf 83' lang='lat' dir='ltr'>advolat</span> <span class='ocrx_word' id='word_1_318' title='bbox 570 2936 1028 3003; x_wconf 84' lang='lat' dir='ltr'>Archipresbyter,</span> <span class='ocrx_word' id='word_1_319' title='bbox 1062 2936 1233 2986; x_wconf 85' lang='lat' dir='ltr'>omnia</span> <span class='ocrx_word' id='word_1_320' title='bbox 1269 2941 1473 2986; x_wconf 84' lang='lat' dir='ltr'>narrat,</span> <span class='ocrx_word' id='word_1_321' title='bbox 1495 2942 1667 2982; x_wconf 79' lang='lat' dir='ltr'>exorat</span> <span class='ocrx_word' id='word_1_322' title='bbox 1695 2927 1943 2982; x_wconf 85' lang='lat' dir='ltr'>Petrum;</span> 
     </span>
     <span class='ocr_line' id='line_1_36' title="bbox 163 2992 1945 3119; baseline -0.002 -69"><span class='ocrx_word' id='word_1_323' title='bbox 163 2999 344 3119; x_wconf 49' lang='lat' dir='ltr'>genuit</span> <span class='ocrx_word' id='word_1_324' title='bbox 364 3006 445 3055; x_wconf 86' lang='lat' dir='ltr'>hic</span> <span class='ocrx_word' id='word_1_325' title='bbox 465 3016 603 3056; x_wconf 87' lang='lat' dir='ltr'>tenax</span> <span class='ocrx_word' id='word_1_326' title='bbox 627 3007 896 3073; x_wconf 82' lang='lat' dir='ltr'>propofiti:</span> <span class='ocrx_word' id='word_1_327' title='bbox 931 3023 982 3058; x_wconf 84' lang='lat' dir='ltr'>re</span> <span class='ocrx_word' id='word_1_328' title='bbox 1005 3003 1184 3056; x_wconf 65' lang='lat' dir='ltr'>infesta</span> <span class='ocrx_word' id='word_1_329' title='bbox 1219 3003 1445 3066; x_wconf 75' lang='lat' dir='ltr'>Capuam</span> <span class='ocrx_word' id='word_1_330' title='bbox 1474 3001 1619 3052; x_wconf 86' lang='lat' dir='ltr'>rediit</span> <span class='ocrx_word' id='word_1_331' title='bbox 1645 2992 1945 3062; x_wconf 85' lang='lat' dir='ltr'>Archipres-</span> 
     </span>
    </p>

    <p class='ocr_par' dir='ltr' id='par_1_7' title="bbox 198 3082 350 3133">
     <span class='ocr_line' id='line_1_37' title="bbox 198 3082 350 3133; baseline 0.013 -16"><span class='ocrx_word' id='word_1_332' title='bbox 198 3082 314 3133; x_wconf 79' lang='lat' dir='ltr'>yter</span> <span class='ocrx_word' id='word_1_333' title='bbox 337 3105 350 3119; x_wconf 87' lang='lat'>.</span> 
     </span>
    </p>

    <p class='ocr_par' dir='ltr' id='par_1_8' title="bbox 94 3130 1950 3616">
     <span class='ocr_line' id='line_1_38' title="bbox 94 3130 1948 3198; baseline -0.005 -6"><span class='ocrx_word' id='word_1_334' title='bbox 94 3139 265 3192; x_wconf 65' lang='lat' dir='ltr'>Aucto</span> <span class='ocrx_word' id='word_1_335' title='bbox 281 3138 558 3193; x_wconf 78' lang='lat' dir='ltr'>salvatoris</span> <span class='ocrx_word' id='word_1_336' title='bbox 577 3148 759 3197; x_wconf 86' lang='lat' dir='ltr'>morbo</span> <span class='ocrx_word' id='word_1_337' title='bbox 779 3146 1005 3198; x_wconf 66' lang='lat' dir='ltr'>dimissus</span> <span class='ocrx_word' id='word_1_338' title='bbox 1027 3140 1118 3196; x_wconf 90' lang='lat' dir='ltr'>fuit</span> <span class='ocrx_word' id='word_1_339' title='bbox 1138 3159 1164 3193; x_wconf 90' lang='lat' dir='ltr'>e</span> <span class='ocrx_word' id='word_1_340' title='bbox 1183 3143 1468 3195; x_wconf 81' lang='lat' dir='ltr'>carceribus</span> <span class='ocrx_word' id='word_1_341' title='bbox 1491 3172 1505 3194; x_wconf 91' lang='lat'><strong>‚</strong></span> <span class='ocrx_word' id='word_1_342' title='bbox 1527 3138 1733 3189; x_wconf 86' lang='lat' dir='ltr'>detento</span> <span class='ocrx_word' id='word_1_343' title='bbox 1754 3130 1948 3197; x_wconf 84' lang='lat' dir='ltr'>fidejus·</span> 
     </span>
     <span class='ocr_line' id='line_1_39' title="bbox 162 3199 1946 3278; baseline -0.002 -21"><span class='ocrx_word' id='word_1_344' title='bbox 162 3204 274 3258; x_wconf 85' lang='lat' dir='ltr'>sore</span> <span class='ocrx_word' id='word_1_345' title='bbox 293 3242 309 3266; x_wconf 89' lang='lat'><strong>‚</strong></span> <span class='ocrx_word' id='word_1_346' title='bbox 345 3221 397 3261; x_wconf 91' lang='lat' dir='ltr'>ut</span> <span class='ocrx_word' id='word_1_347' title='bbox 414 3209 577 3264; x_wconf 89' lang='lat' dir='ltr'>filium</span> <span class='ocrx_word' id='word_1_348' title='bbox 597 3216 658 3266; x_wconf 89' lang='lat' dir='ltr'>ad</span> <span class='ocrx_word' id='word_1_349' title='bbox 681 3214 855 3268; x_wconf 78' lang='lat' dir='ltr'>invisas</span> <span class='ocrx_word' id='word_1_350' title='bbox 882 3215 1105 3268; x_wconf 73' lang='lat' dir='ltr'>fletteret</span> <span class='ocrx_word' id='word_1_351' title='bbox 1125 3216 1320 3275; x_wconf 83' lang='lat' dir='ltr'>nuptias</span> <span class='ocrx_word' id='word_1_352' title='bbox 1344 3247 1357 3266; x_wconf 81' lang='lat'>‚</span> <span class='ocrx_word' id='word_1_353' title='bbox 1374 3208 1615 3274; x_wconf 83' lang='lat' dir='ltr'>plurimas</span> <span class='ocrx_word' id='word_1_354' title='bbox 1639 3205 1867 3257; x_wconf 85' lang='lat' dir='ltr'>Salvator</span> <span class='ocrx_word' id='word_1_355' title='bbox 1885 3199 1946 3278; x_wconf 78' lang='lat' dir='ltr'>ad</span> 
     </span>
     <span class='ocr_line' id='line_1_40' title="bbox 160 3270 1950 3348; baseline 0.001 -21"><span class='ocrx_word' id='word_1_356' title='bbox 160 3278 470 3331; x_wconf 82' lang='lat' dir='ltr'>eumliteras</span> <span class='ocrx_word' id='word_1_357' title='bbox 489 3280 664 3348; x_wconf 88' lang='lat' dir='ltr'>dedit,</span> <span class='ocrx_word' id='word_1_358' title='bbox 704 3281 875 3337; x_wconf 87' lang='lat' dir='ltr'>frustra</span> <span class='ocrx_word' id='word_1_359' title='bbox 895 3298 1058 3337; x_wconf 89' lang='lat' dir='ltr'>tamen</span> <span class='ocrx_word' id='word_1_360' title='bbox 1082 3321 1096 3335; x_wconf 91' lang='lat'><strong>.</strong></span> <span class='ocrx_word' id='word_1_361' title='bbox 1133 3282 1230 3331; x_wconf 77' lang='lat' dir='ltr'>Ubi</span> <span class='ocrx_word' id='word_1_362' title='bbox 1274 3279 1484 3346; x_wconf 69' lang='lat' dir='ltr'>agnovit</span> <span class='ocrx_word' id='word_1_363' title='bbox 1526 3293 1552 3328; x_wconf 88' lang='lat' dir='ltr'>a</span> <span class='ocrx_word' id='word_1_364' title='bbox 1585 3272 1842 3340; x_wconf 80' lang='lat' dir='ltr'>proposito</span> <span class='ocrx_word' id='word_1_365' title='bbox 1874 3270 1950 3320; x_wconf 76' lang='lat' dir='ltr'>dl-</span> 
     </span>
     <span class='ocr_line' id='line_1_41' title="bbox 160 3339 1947 3415; baseline -0.004 -18"><span class='ocrx_word' id='word_1_366' title='bbox 160 3350 353 3399; x_wconf 85' lang='lat' dir='ltr'>moveri</span> <span class='ocrx_word' id='word_1_367' title='bbox 377 3365 478 3399; x_wconf 88' lang='lat' dir='ltr'>non</span> <span class='ocrx_word' id='word_1_368' title='bbox 499 3351 631 3413; x_wconf 85' lang='lat' dir='ltr'>poffe</span> <span class='ocrx_word' id='word_1_369' title='bbox 652 3386 671 3413; x_wconf 88' lang='lat'><strong>,</strong></span> <span class='ocrx_word' id='word_1_370' title='bbox 701 3355 991 3406; x_wconf 84' lang='lat' dir='ltr'>mandatum</span> <span class='ocrx_word' id='word_1_371' title='bbox 1011 3353 1149 3404; x_wconf 84' lang='lat' dir='ltr'>dedit</span> <span class='ocrx_word' id='word_1_372' title='bbox 1174 3392 1187 3410; x_wconf 78' lang='grc'>,</span> <span class='ocrx_word' id='word_1_373' title='bbox 1226 3344 1325 3415; x_wconf 80' lang='lat' dir='ltr'>quo</span> <span class='ocrx_word' id='word_1_374' title='bbox 1343 3350 1450 3414; x_wconf 79' lang='lat' dir='ltr'>jure</span> <span class='ocrx_word' id='word_1_375' title='bbox 1470 3349 1637 3410; x_wconf 80' lang='lat' dir='ltr'>patriae</span> <span class='ocrx_word' id='word_1_376' title='bbox 1659 3339 1752 3394; x_wconf 83' lang='lat' dir='ltr'>suae</span> <span class='ocrx_word' id='word_1_377' title='bbox 1802 3351 1947 3406; x_wconf 82' lang='lat' dir='ltr'>pote-</span> 
     </span>
     <span class='ocr_line' id='line_1_42' title="bbox 160 3411 1948 3486; baseline -0.002 -23"><span class='ocrx_word' id='word_1_378' title='bbox 160 3415 294 3465; x_wconf 85' lang='lat' dir='ltr'>statis</span> <span class='ocrx_word' id='word_1_379' title='bbox 317 3429 456 3470; x_wconf 89' lang='lat' dir='ltr'>utens</span> <span class='ocrx_word' id='word_1_380' title='bbox 470 3419 675 3482; x_wconf 87' lang='lat' dir='ltr'>jubebat</span> <span class='ocrx_word' id='word_1_381' title='bbox 701 3456 715 3479; x_wconf 90' lang='lat'><strong>,</strong></span> <span class='ocrx_word' id='word_1_382' title='bbox 745 3437 798 3475; x_wconf 92' lang='lat' dir='ltr'>ut</span> <span class='ocrx_word' id='word_1_383' title='bbox 828 3424 961 3476; x_wconf 87' lang='lat' dir='ltr'>filius</span> <span class='ocrx_word' id='word_1_384' title='bbox 981 3427 1028 3474; x_wconf 89' lang='lat' dir='ltr'>in</span> <span class='ocrx_word' id='word_1_385' title='bbox 1054 3437 1275 3474; x_wconf 79' lang='lat' dir='ltr'>carceres</span> <span class='ocrx_word' id='word_1_386' title='bbox 1296 3420 1670 3473; x_wconf 61' lang='lat' dir='ltr'>conjiceretur.</span> <span class='ocrx_word' id='word_1_387' title='bbox 1692 3411 1948 3486; x_wconf 65' lang='lat' dir='ltr'>Commo-</span> 
     </span>
     <span class='ocr_line' id='line_1_43' title="bbox 162 3478 1949 3555; baseline -0.001 -24"><span class='ocrx_word' id='word_1_388' title='bbox 162 3483 303 3534; x_wconf 90' lang='lat' dir='ltr'>vitid</span> <span class='ocrx_word' id='word_1_389' title='bbox 328 3485 458 3538; x_wconf 87' lang='lat' dir='ltr'>Petri</span> <span class='ocrx_word' id='word_1_390' title='bbox 479 3492 708 3542; x_wconf 86' lang='lat' dir='ltr'>animum</span> <span class='ocrx_word' id='word_1_391' title='bbox 732 3530 749 3555; x_wconf 91' lang='lat'>,</span> <span class='ocrx_word' id='word_1_392' title='bbox 790 3491 835 3544; x_wconf 74' lang='lat'>8&lt;</span> <span class='ocrx_word' id='word_1_393' title='bbox 856 3493 1248 3543; x_wconf 78' lang='lat' dir='ltr'>Procuratorem</span> <span class='ocrx_word' id='word_1_394' title='bbox 1274 3487 1522 3539; x_wconf 71' lang='lat' dir='ltr'>constituit</span> <span class='ocrx_word' id='word_1_395' title='bbox 1546 3522 1560 3545; x_wconf 75' lang='lat'>,</span> <span class='ocrx_word' id='word_1_396' title='bbox 1604 3482 1685 3544; x_wconf 77' lang='lat' dir='ltr'>qui</span> <span class='ocrx_word' id='word_1_397' title='bbox 1719 3478 1808 3530; x_wconf 91' lang='lat' dir='ltr'>suo</span> <span class='ocrx_word' id='word_1_398' title='bbox 1854 3496 1949 3555; x_wconf 82' lang='lat' dir='ltr'>no·-</span> 
     </span>
     <span class='ocr_line' id='line_1_44' title="bbox 155 3549 1948 3616; baseline -0.006 -11"><span class='ocrx_word' id='word_1_399' title='bbox 155 3553 293 3605; x_wconf 89' lang='lat' dir='ltr'>mine</span> <span class='ocrx_word' id='word_1_400' title='bbox 335 3557 534 3610; x_wconf 79' lang='lat' dir='ltr'>Annam</span> <span class='ocrx_word' id='word_1_401' title='bbox 567 3560 798 3613; x_wconf 89' lang='lat' dir='ltr'>Uxorem</span> <span class='ocrx_word' id='word_1_402' title='bbox 836 3563 1081 3616; x_wconf 88' lang='lat' dir='ltr'>duceret:</span> <span class='ocrx_word' id='word_1_403' title='bbox 1119 3557 1530 3609; x_wconf 60' lang='lat' dir='ltr'>protestationem</span> <span class='ocrx_word' id='word_1_404' title='bbox 1569 3564 1749 3603; x_wconf 74' lang='lat' dir='ltr'>tamen</span> <span class='ocrx_word' id='word_1_405' title='bbox 1786 3549 1948 3598; x_wconf 80' lang='lat' dir='ltr'>emisit</span> 
     </span>
    </p>

    <p class='ocr_par' dir='ltr' id='par_1_9' title="bbox 219 3616 1949 3680">
     <span class='ocr_line' id='line_1_45' title="bbox 219 3616 1949 3680; baseline -0.003 -8"><span class='ocrx_word' id='word_1_406' title='bbox 219 3623 538 3680; x_wconf 40' lang='lat' dir='ltr'><em>sz‘XXVI.</em></span> <span class='ocrx_word' id='word_1_407' title='bbox 1087 3629 1138 3679; x_wconf 89' lang='lat' dir='ltr'>H</span> <span class='ocrx_word' id='word_1_408' title='bbox 1781 3634 1813 3670; x_wconf 87' lang='lat' dir='ltr'>n</span> <span class='ocrx_word' id='word_1_409' title='bbox 1829 3616 1917 3667; x_wconf 79' lang='lat' dir='ltr'>ulli</span> <span class='ocrx_word' id='word_1_410' title='bbox 1930 3642 1949 3650; x_wconf 94' lang='lat'><em>-</em></span> 
     </span>
    </p>
   </div>
   <div class='ocr_carea' id='block_1_5' title="bbox 1984 1262 2258 1369">
    <p class='ocr_par' dir='ltr' id='par_1_10' title="bbox 1984 1262 2258 1369">
     <span class='ocr_line' id='line_1_46' title="bbox 2009 1262 2255 1313; baseline 0.008 -15"><span class='ocrx_word' id='word_1_411' title='bbox 2009 1262 2168 1313; x_wconf 70' lang='lat' dir='ltr'>sest-24.</span> <span class='ocrx_word' id='word_1_412' title='bbox 2181 1273 2255 1309; x_wconf 83' lang='lat' dir='ltr'>c.9.</span> 
     </span>
     <span class='ocr_line' id='line_1_47' title="bbox 1984 1315 2258 1369; baseline -0.011 -14"><span class='ocrx_word' id='word_1_413' title='bbox 1984 1318 2031 1355; x_wconf 76' lang='lat' dir='ltr'>de</span> <span class='ocrx_word' id='word_1_414' title='bbox 2048 1315 2258 1369; x_wconf 78' lang='lat' dir='ltr'>RefiMatr·</span> 
     </span>
    </p>
   </div>
  </div>
 </body>
</html>
