2571 3961
530 185 790 289 {exconsule
816 258 830 278 ,
847 224 1041 288 aliisque
1056 259 1070 277 ,
1103 223 1181 285 qui
1192 220 1378 284 pridem
1398 221 1442 288 in
1464 233 1653 268 numero
1667 219 1917 288 Redorum
1935 235 2095 279 erant,
2130 225 2319 289 latoque
2337 224 2466 273 simul

533 294 716 341 decreto
730 322 743 343 ,
765 301 858 348 quo
868 289 1100 334 vetabatur
1117 283 1291 330 nullam
1308 285 1426 328 soliti
1447 281 1563 342 posse
1582 297 1876 344 pecuniarum
1891 291 2198 345 quantitatem
2218 325 2232 342 ‚
2254 290 2332 338 nifi
2347 305 2448 336 man
2461 311 2475 325 -

534 357 688 401 datum
709 365 733 397 a
759 348 965 396 Paroclio
988 384 1001 402 ,
1032 349 1073 394 &
1100 346 1159 392 ab
1194 347 1340 391 altero
1360 345 1602 391 Rectorum
1631 345 1963 392 subcriberetur
1985 385 1994 393 .
2024 350 2336 400 Confirmavit
2357 355 2476 399 hane

534 411 950 477 congregationem
969 444 982 462 ,
1016 407 1170 469 paucIS
1187 405 1448 475 quibusdam
1467 408 1656 453 mutatis
1674 439 1687 457 ‚
1722 410 1800 469 qui
1823 407 2026 456 Ecclesiae
2046 411 2306 461 Vasionensi
2339 429 2476 476 praee-

537 487 607 524 rat
624 511 638 531 ,
672 474 912 537 Episcopus
934 485 1053 523 anno
1072 482 1208 528 1714.
1227 504 1241 524 ,
1277 467 1518 536 voluitque
1540 469 1957 532 Congregationem
1974 473 2188 529 constitui
2202 493 2226 522 a
2242 477 2446 525 parocho
2463 509 2479 534 0

537 538 682 601 primo
702 534 949 589 Exconsule
970 567 984 584 ,
1017 535 1062 578 &
1084 545 1252 579 novem
1270 530 1374 576 aliis
1397 530 1597 590 personis
1612 548 1636 580 a
1653 532 1838 592 publico
1855 534 2077 582 Concilio
2094 537 2262 598 Oppidi
2284 552 2477 602 quotan-

539 603 609 648 nis
632 598 897 658 eligendiss
933 595 1089 656 Atque
1120 594 1215 641 haec
1237 592 1546 656 Congregatio
1579 594 1805 658 appellari
1828 598 1961 657 caepit
1981 600 2024 646 le
2059 605 2288 648 Bomreau
2310 638 2321 651 .
2350 601 2479 648 Con-

536 660 831 715 firmatainde
850 657 934 704 fuit
967 659 1021 703 ab
1054 655 1147 703 alio
1185 656 1403 716 Episcopo
1431 672 1550 702 anno
1575 671 1733 720 174i.‚
1764 659 1841 720 qui
1874 659 2080 720 pluribus
2119 662 2220 710 latis
2255 664 2443 712 decretis
2464 697 2482 718 .

539 726 700 788 quibus
718 718 1091 766 administrationi
1110 718 1365 781 Hospitalis
1384 719 1713 767 consulebatur
1731 755 1746 774 ‚
1776 736 2013 770 numerum
2036 736 2212 772 tantuin
2242 727 2479 788 eligendo-

540 802 638 834 rum
661 800 685 829 a
707 782 893 844 pub-lico
927 782 1146 829 Concilio
1179 781 1427 831 diminuit.
1462 783 1626 846 Nuper
1653 799 1768 831 vero
1785 819 1797 836 ,
1834 800 1937 833 cum
1956 787 2139 834 Sacram
2166 787 2478 839 visitationem

540 858 720 910 ageret,
755 846 832 906 qui
850 860 972 896 nunc
1004 842 1266 891 Vasionensi
1305 842 1504 898 Ecclesiae
1537 847 1692 905 praeest
1729 882 1742 899 ‚
1776 848 2055 910 Episcopus,
2084 850 2153 898 edi
2185 852 2304 908 iussit
2339 853 2477 901 libros

541 907 796 970 Hospitalis
814 943 826 961 ‚
859 924 884 954 e
902 907 1064 969 quibus
1080 907 1372 969 cognosceret
1392 940 1406 959 ,
1440 922 1496 951 an
1519 909 1616 961 ejus
1650 909 1857 959 redditus
1877 914 1987 958 bene
2024 914 2443 964 administrarentur
2463 949 2481 970 ,

543 988 601 1021 an
617 986 751 1029 onera
767 971 837 1018 Pii
853 969 969 1018 Loci
989 1006 1002 1024 ,
1039 972 1080 1017 &
1100 968 1389 1016 Testatorum
1409 971 1678 1018 voluntates
1698 973 1996 1032 implerentur
2016 1009 2031 1023 .
2057 977 2142 1022 Sed
2156 992 2231 1024 eos
2241 977 2382 1025 edere
2398 993 2484 1025 ne-

543 1047 710 1100 garunt
728 1034 905 1081 nomine
937 1031 1300 1081 Communitatis
1332 1032 1473 1092 aliqui
1505 1032 1646 1079 Cives
1676 1036 2006 1089 contendentes
2035 1039 2277 1099 -Hospitale
2309 1040 2479 1089 laicum

540 1110 803 1158 exemptum
842 1094 923 1142 esse
950 1100 1006 1144 ab
1034 1095 1237 1156 Episcopi
1269 1094 1581 1150 ,iurisdictione
1602 1096 1647 1143 in
1680 1096 1735 1143 iis
1759 1133 1772 1151 ‚
1804 1113 1901 1158 quae
1922 1101 2175 1162 spiritualia
2202 1119 2298 1151 120„
2329 1103 2476 1166 tespi-

548 1166 706 1211 ciunt3
745 1158 984 1221 Episcopus
1006 1171 1152 1206 tamen
1174 1159 1301 1220 plura
1326 1156 1433 1204 tulit
1452 1157 1634 1205 decreta
1653 1195 1667 1213 ‚
1704 1176 1800 1220 quae
1823 1161 1896 1207 illi
1914 1162 2175 1224 spreverunt
2192 1198 2203 1210 .

487 1225 648 1285 Neque
676 1222 785 1270 satis
814 1221 960 1270 visum
989 1222 1076 1270 fuit
1112 1221 1391 1285 Episcopalia
1425 1220 1606 1277 decreta
1636 1221 1844 1284 sprevisse
1879 1242 1888 1269 :
1926 1225 2277 1273 Administraiio
2304 1260 2318 1280 ,
2345 1244 2479 1292 quam

545 1289 765 1336 >haetenus
783 1286 1000 1336 habuerat
1032 1285 1348 1348 Congregatio
1364 1287 1407 1333 le
1430 1293 1662 1336 Bourreau
1680 1320 1694 1339 ,
1728 1288 1771 1334 &
1803 1288 1933 1344 cujus
1948 1301 2090 1349 'caput
2109 1301 2204 1335 erat
2225 1289 2443 1340 Pau-ochus
2461 1327 2478 1347 ,

545 1352 661 1399 data
681 1349 770 1396 fuit
796 1349 962 1410 Oppidi
984 1348 1201 1396 Concilio
1220 1384 1234 1400 ,
1268 1363 1294 1395 a
1310 1361 1400 1410 quo
1418 1347 1513 1395 duae
1531 1364 1588 1397 ex
1607 1349 1809 1410 profestis
1830 1350 2146 1414 Hospitalariis
2164 1349 2330 1398 Puellis
2358 1351 2482 1414 Lug-

546 1414 672 1463 duno
689 1412 1011 1460 Malaucenam
1029 1413 1182 1460 accitae
1203 1411 1392 1458 fuerunt
1405 1445 1418 1464 ,
1441 1427 1539 1474 quae
1560 1411 1746 1462 infirmis
1766 1412 2005 1462 servitium
2028 1412 2281 1473 praestarunt
2298 1414 2349 1461 in
2367 1413 2487 1462 flios-

547 1475 705 1540 pitali.
747 1476 794 1522 ld
813 1476 893 1522 ubi
922 1473 1114 1522 rescivit
1155 1474 1406 1536 Episcopus
1428 1508 1442 1528 ,
1473 1475 1528 1522 iis
1548 1478 1787 1537 praecepii,
1818 1494 1877 1524 ne
1907 1477 1951 1523 in
1986 1476 2218 1537 Hospitali
2250 1477 2491 1524 versaren-

549 1554 626 1588 tur
646 1574 660 1594 ‚
686 1538 948 1601 priusquam
967 1537 1056 1597 ipse
1071 1542 1125 1584 de
1145 1537 1369 1599 religione
1383 1573 1396 1589 ,
1423 1540 1463 1583 δι
1485 1540 1686 1587 moribus
1704 1541 1968 1588 earumdem
1985 1541 2154 1588 certior
2168 1538 2334 1587 fierent
2354 1574 2364 1585 .
2379 1540 2491 1586 Ob-

550 1599 867 1662 temperassent
884 1600 1066 1648 foi-tasse
1088 1601 1257 1648 Puellae
1274 1637 1289 1655 ,
1311 1599 1398 1650 nisi
1412 1600 2000 1665 Conciliumprohibuiss'et
2018 1639 2030 1655 ‚
2067 1618 2093 1649 a
2107 1618 2194 1664 quo
2213 1604 2310 1650 sunt
2328 1601 2493 1659 Hospi-

548 1667 817 1714 talariarum
834 1664 974 1712 vestes
992 1663 1224 1726 deponere
1243 1699 1257 1716 ,
1294 1676 1345 1710 ut
1371 1676 1597 1725 exemptae
1633 1667 1897 1714 viderentur
1915 1671 1971 1713 ab
2001 1666 2265 1728 Episcopali
2295 1663 2493 1722 Jurisdi-

551 1730 703 1776 Ctione
726 1762 737 1774 .
778 1728 895 1775 Arita
913 1741 1092 1790 quoque
1121 1726 1363 1783 judicialia
1392 1742 1546 1775 coram
1565 1727 1621 1777 R.
1641 1727 1691 1774 P.
1709 1727 1759 1774 D
1790 1731 2037 1794 Prolegato
2054 1731 2244 1787 iiicaepta
2260 1728 2364 1776 sunt
2381 1742 2493 1776 con-

548 1806 621 1841 tra
645 1792 956 1839 Promotorem
984 1788 1205 1838 Fiscalem
1231 1788 1388 1837 Curiae
1432 1789 1713 1854 Episcopalis
1747 1790 2030 1841 vasionensis
2062 1829 2075 1847 ‚
2119 1792 2190 1839 sed
2220 1791 2494 1854 Prolegatus

549 1871 644 1905 rem
664 1854 849 1901 brevius
867 1853 1070 1902 confecit
1091 1888 1103 1906 ,
1135 1851 1328 1914 expulsis
1346 1867 1441 1899 non
1462 1853 1521 1899 ab
1540 1854 1719 1914 Oppido
1738 1867 1912 1902 tantum
1933 1891 1946 1909 ,
1988 1857 2061 1903 sed
2095 1856 2153 1916 ab
2171 1855 2376 1903 universis
2409 1855 2496 1901 Le-
2522 1877 2528 1883 „

552 1918 745 1983 gatione
768 1917 939 1965 Puellis
962 1952 974 1970 ‚
1009 1932 1107 1978 quae
1129 1918 1174 1963 in
1198 1914 1450 1978 proximam
1465 1915 1639 1964 Galliae
1656 1916 1912 1966 Civitatem
1931 1918 2018 1967 sese
2057 1931 2328 1981 receperunt
2351 1952 2364 1971 ,
2396 1915 2492 1965 ini-

553 1997 641 2044 que
663 1981 847 2026 aluntur
877 1979 1079 2042 expensis
1096 1978 1460 2027 Communitatis
1481 1993 1539 2029 ex
1558 1980 1845 2039 obligatione
1873 1982 2098 2044 suscepta,
2134 1997 2237 2028 cum
2273 1981 2501 2043 Lugduno

555 2057 783 2093 venerunt
799 2074 813 2090 .
849 2042 929 2089 Ob
948 2043 1035 2090 hoc
1052 2040 1281 2104 Prolegati
1303 2039 1466 2090 facium
1490 2042 1760 2090 remiserunt
1783 2048 1836 2092 de
1870 2046 2027 2104 spiritu
2060 2046 2249 2092 mulium
2273 2043 2498 2104 Admini-

553 2110 762 2157 stratores
779 2141 793 2160 ,
825 2104 1033 2154 &Cives
1053 2139 1068 2157 ,
1103 2106 1144 2151 &
1182 2119 1315 2166 agere
1351 2119 1575 2167 caeperunt
1598 2121 1701 2153 cum
1723 2105 1942 2172 Episcopo
1967 2111 2021 2158 de
2049 2110 2145 2163 eius
2180 2106 2496 2163 Jurisclidione

555 2169 874 2233 agnoscenda,
901 2167 1425 2228 servandisquedecretis
1459 2182 1508 2216 in
1545 2169 1978 2221 Vifitationelatis.
2016 2172 2046 2218 si
2081 2172 2340 2218 Puellarum
2373 2171 2497 2216 redi-

557 2245 657 2281 tum
674 2232 957 2294 permitteret
977 2265 990 2283 ,
1021 2242 1100 2278 aut
1123 2232 1283 2279 saltem
1297 2232 1512 2292 expensas
1530 2248 1611 2293 pro
1630 2233 1686 2280 iis
1711 2232 1846 2283 factas
1865 2235 2017 2285 debito
2041 2233 2296 2293 Hospitalis
2332 2231 2495 2279 cedere

554 2295 719 2344 sineret
736 2332 748 2344 .
789 2293 1034 2345 Flexerunt
1055 2294 1121 2342 hae
1143 2310 1298 2356 preces
1316 2297 1518 2343 animum
1541 2296 1784 2360 Episcopi,
1818 2310 1864 2345 at
1896 2299 1976 2347 ubi
1997 2299 2050 2344 ad
2083 2313 2173 2345 rem
2191 2309 2380 2352 ventum
2401 2294 2463 2340 est
2484 2327 2500 2346 ,

555 2370 737 2411 mutato
755 2357 949 2413 consilio
971 2393 984 2411 ‚
1018 2372 1115 2411 ,non
1137 2358 1300 2421 puduit
1320 2358 1578 2419 Oppidanos
1613 2360 1720 2406 illos
1741 2396 1756 2414 ,
1791 2362 1834 2410 ἃ
1859 2359 2255 2409 Administratores
2274 2373 2392 2405 nova
2411 2373 2502 2420 pa⁴

559 2424 627 2471 &a
646 2457 659 2474 ,
692 2419 899 2484 legesque
916 2436 1003 2482 pro
1032 2422 1229 2472 ineunda
1258 2422 1556 2475 iraiisadtione
1586 2436 1833 2484 proponere
1851 2459 1863 2477 ,
1894 2424 2016 2471 inter
2034 2439 2142 2486 quas
2160 2438 2214 2469 ‚ea
2239 2433 2337 2471 erat
2358 2457 2371 2475 ,
2405 2431 2453 2466 ut
2473 2433 2499 2465 e

558 2500 748 2595 τιαέῃετο
788 2483 1226 2543 Administratorum
1252 2482 1485 2541 deleretur
1507 2486 1765 2542 Paiochus,
1795 2498 1849 2537 ,ut
1877 2501 1956 2535 'eas
1989 2487 2236 2550 Episcopus
2262 2484 2501 2533 reiiceru

561 2551 616 2604 de
650 2548 799 2604 uerit.
1982 2585 1984 2589 .

499 2609 606 2669 Post
622 2612 714 2659 haec
731 2612 975 2674 Episcopus
1005 2628 1162 2673 preces
1183 2616 1236 2662 de
1255 2614 1325 2662 his
1348 2616 1558 2664 omnibus
1580 2613 1751 2665 obtulit
1770 2616 2070 2666 Sacratiffimo
2087 2613 2288 2677 Principi
2322 2610 2472 2678 nost-tq
2486 2641 2501 2661 ³

568 2691 598 2723 a
614 2690 706 2736 quo
725 2676 872 2745 omnis
895 2676 1026 2733 hujus
1043 2676 1209 2726 Causae
1223 2680 1431 2741 cognitio
1467 2680 1836 2728 Eminentiffimis
1859 2680 2058 2728 Patribus
2075 2682 2174 2727 data
2194 2679 2279 2726 fuit
2296 2709 2312 2724 .
2345 2673 2499 2722 Audi-

563 2750 642 2801 tus
659 2738 1040 2801 Archiepiscopus
1063 2742 1393 2789 Avenionensis
1417 2742 1535 2788 nihil
1558 2744 1773 2791 intactum
1791 2744 2099 2805 praetermis-it,
2128 2754 2178 2789 ut
2197 2742 2299 2788 lites
2312 2749 2502 2797 compo-

567 2813 733 2854 neret,
769 2800 838 2848 sed
860 2815 906 2849 re
938 2802 1101 2850 insecia
1120 2818 1177 2850 ex
1207 2804 1561 2864 oppidanorum
1597 2805 1898 2855 obstinatione
1919 2841 1933 2860 ‚
1970 2806 2110 2853 animi
2130 2805 2195 2851 sui
2227 2801 2501 2851 sententiam

568 2864 639 2913 his
659 2864 814 2912 verbis
829 2867 1044 2928 expressit
1060 2899 1093 2920 ,‚
1127 2865 1296 2921 salvam
1312 2901 1326 2919 ,
1361 2869 1404 2915 &
1439 2868 1655 2918 intactam
1676 2867 1762 2916 ess'e
1777 2872 1935 2917 debere
1965 2868 2263 2915 omnimodam
2293 2861 2502 2911 Ordina-

572 2958 607 2980 ‚2
638 2926 1138 2983 riamJurisdiCtionem
1172 2929 1551 2988 ‚Reverendislimi
1583 2930 1791 2996 Episcopi
1822 2928 2104 2979 vasionensis
2128 2964 2141 2984 ,
2172 2927 2503 2977 oeconomicam

574 3021 609 3048 φ,
640 3004 753 3037 vero
769 2989 1206 3048 administrationem
1221 2991 1348 3047 illius
1365 2993 1618 3056 Hospitalis
1637 2993 1969 3043 subordinatam
1985 2993 2133 3041 eidem
2151 2989 2412 3040 Ordinariae
2429 2989 2447 3044 J
2455 3003 2506 3034 u-

574 3083 608 3106 „
640 3051 884 3100 risdiCtioni
904 3054 969 3101 ita
991 3055 1188 3116 regulari
1210 3057 1421 3116 expedire
1439 3092 1453 3111 ,
1486 3069 1538 3105 ut
1571 3057 1824 3118 explicetur
1838 3056 2026 3114 majori,
2053 3070 2149 3118 quae
2176 3055 2347 3102 servari
2367 3062 2505 3113 pote-

574 3147 608 3167 „
640 3113 733 3170 rit,
765 3116 1049 3171 consensione
1066 3119 1305 3181 Episcopi,
1339 3118 1554 3183 illiusque
1573 3119 1878 3169 Successorum
1896 3155 1910 3174 ,
1941 3135 1994 3167 ac
2011 3117 2199 3170 Parochi
2227 3119 2505 3164 Masaucenae

572 3211 608 3238 ‚,
638 3190 743 3247 cum
773 3178 903 3228 laicis
923 3179 1376 3236 Administratoribus
1392 3199 1416 3230 a
1433 3186 1618 3244 publico
1637 3182 1856 3231 Concilio
1876 3181 2108 3243 deputatis
2124 3214 2155 3233 „
2175 3212 2191 3228 .
2227 3178 2400 3227 Audito
2417 3177 2508 3222 Ar-

571 3237 864 3309 chieptscopo
884 3278 897 3296 ,
913 3243 1236 3296 controversiae
1251 3260 1408 3293 omnes
1428 3246 1566 3294 vul.
1581 3245 1826 3305 Capitibus
1840 3247 2040 3294 collec’tae
2063 3242 2244 3292 suerunt
2260 3280 2269 3290 .
2303 3244 2346 3287 A
2361 3240 2505 3284 Com-

572 3312 801 3410 tlpnqitate
821 3338 837 3359 ,
869 3304 913 3359 δι
946 3305 1404 3362 Administratoribus
1433 3308 1639 3360 nondum
1657 3307 1863 3368 libellum
1895 3310 2069 3369 jurium
2094 3307 2362 3354 habuimus.
2399 3301 2504 3347 Du-

610 3376 650 3409 la
684 3377 765 3413 unt
785 3404 796 3414 .

515 3422 556 3487 1·
587 3434 665 3479 An
681 3429 913 3536 ιοηίέεῑρε
945 3436 1232 3496 exemptione
1265 3435 1517 3499 Hospitalis
1544 3437 1822 3493 Malaucenae
1841 3453 1869 3484 a
1901 3433 2232 3499 ‘Jurisdc'c‘lione
2264 3426 2505 3488 ordinaria

836 3510 920 3547 ico
962 3500 1037 3545 'in
1057 3511 1110 3548 ,ca
1132 3513 1160 3543 u
1264 3532 1278 3545 .
2204 3510 2205 3513 ’
2334 3511 2337 3513 ’
2430 3506 2434 3509 “

522 3544 584 3602 11·
615 3555 696 3607 §An
715 3496 1081 3662 liceitsfiffiiscopq
1101 3498 1149 3613 isn
1166 3505 1437 3620 gustatione
1457 3596 1475 3617 ,
1490 3566 1550 3612 ψ’
1567 3575 1707 3613 extra
1727 3597 1744 3618 ,
1756 3577 1851 3612 tam
1870 3566 2018 3626 quoad
2024 3560 2298 3626 spiritualia
2316 3569 2354 3611 ·,.·
2372 3560 2506 3616 quam

811 3629 894 3661 una
1178 3627 1188 3637 ·
1694 3631 1703 3639 ·
2293 3634 2296 3637 ¹
2324 3658 2327 3661 .
2390 3637 2394 3649 2

524 3668 612 3734 111:-
643 3679 726 3737 «4η
742 3627 884 3726 ‘giem
902 3624 1736 3754 ῑρᾖίζὲἔῖἴὲἶοὲῗέεἵὲεεοῖινΐοεὲξηιᾴηὶ
1751 3627 2154 3754 Ξζιέῗὲἑὲιτίοηενη
2174 3674 2516 3788 ἅίἑῖἰᾘσᾷιζᾷῖΐα·

1463 3750 1483 3754 ”
1610 3749 1626 3752 “
1702 3749 1738 3754 ⁷*
2391 3754 2430 3788 15
2449 3766 2466 3789 ι
