2571 3961
134 246 377 300 Michaele
400 241 581 310 Angelo
622 247 814 298 Bertini
856 243 1113 309 affignatur
1150 260 1255 293 cum
1268 246 1419 310 solit'a
1452 246 1734 309 eleemosyna
1754 188 1911 298 aniz}

120 319 280 388 julii3
322 314 500 370 Altera
522 333 640 369 vero
662 320 720 367 ab
743 331 807 365 eo
826 348 843 374 ,
876 320 962 381 qui
996 316 1267 365 immediate
1301 320 1520 380 succedit
1561 316 1758 364 habenti
1787 331 1900 366 tur-

128 404 244 440 num
270 399 550 441 mortuorum
579 425 594 446 ,
635 394 718 452 qui
740 401 883 434 unam
900 381 1089 450 Miffam
1109 386 1283 435 habeat
1298 386 1622 436 celebrandam
1633 398 1722 449 pro
1743 385 1902 451 Joan-

128 471 189 511 ne
209 455 420 521 Baptista
457 454 658 520 Maefferi
689 472 794 507 ‚cum
830 456 1114 520 eleemosyna
1153 459 1301 505 unius
1330 456 1454 522 julii
1489 471 1500 505 :
1539 452 1724 507 Indicia
1745 456 1899 506 etiarn

133 540 280 589 poena
299 560 312 587 ,
333 527 363 573 ii
390 541 549 589 neque
569 540 653 586 per
685 521 732 575 se
753 562 769 585 ‚
798 538 957 587 neque
978 539 1065 585 per
1084 523 1238 576 alium
1255 525 1493 577 sacrificia
1514 522 1899 589 egerint,amit-

129 594 269 645 tendi
306 592 680 649 distributiones
720 593 854 644 illius
893 591 1030 645 diei,
1070 590 1114 641 8(
1155 591 1341 645 solidos
1376 604 1594 659 quatuor
1628 588 1899 647 solvendi.

128 662 450 719 Statutariam
470 665 594 714 hanc
615 658 993 728 dispofitionem
1015 655 1195 711 sartam
1232 663 1412 716 tec‘tam
1453 661 1649 727 semper
1677 664 1901 716 servavit

129 733 420 799 Capitulum
454 770 467 792 ,
501 733 618 785 licet
656 767 670 791 ‚
708 743 762 782 ut
794 728 931 790 ajunt
965 767 980 791 ‚
1022 728 1354 782 incommoda
1391 731 1511 784 esset
1546 732 1898 786 Sacerdotibus

119 801 391 858 vT‘urnariis
426 838 438 857 ‚
468 800 868 866 optatqueillam
893 798 1124 864 deinceps
1163 798 1349 853 servare
1371 840 1387 864 ‚
1427 801 1474 853 8(
1509 800 1655 852 fimul
1693 799 1898 856 Turna-

128 874 218 928 riis
241 868 517 939 prospicere
538 870 715 922 ‚Cum
760 868 894 921 enim
937 886 1070 921 anno
1112 874 1261 923 1668.
1293 870 1598 923 Dominicus
1616 869 1895 924 Cherubiui

123 941 496 1009 Cappellaniam
527 937 765 991 fuudaflet
786 936 869 989 sub
891 939 1041 991 titulo
1070 938 1364 992 Beatissimae
1401 939 1806 1006 Conceptionis,
1843 942 1893 992 &

127 1014 232 1076 post
249 1006 605 1060 extinctionem
624 1006 950 1072 quarumdam
974 1010 1302 1062 Familiarum
1325 1045 1339 1063 2
1370 1009 1449 1072 jus
1467 1009 1761 1062 nominandi
1778 1010 1894 1062 arti-

125 1095 248 1131 ·vum
273 1116 288 1141 ‚
322 1078 366 1132 8(
390 1074 627 1142 passivum
649 1078 852 1129 dedisset
872 1079 1112 1142 Capitulo
1134 1118 1152 1141 ‚
1174 1081 1220 1130 ὃ(
1242 1080 1513 1132 Canonicis
1537 1080 1615 1131 SS.
1634 1080 1890 1144 Stephani,

123 1149 171 1200 8(
189 1147 390 1200 Nicolai
409 1186 422 1207 ‚
449 1148 568 1200 dato
588 1146 904 1212 Cappellanis
923 1165 1011 1210 pro
1031 1161 1264 1212 tempore
1288 1151 1561 1202 nominatis
1580 1164 1735 1201 onere
1758 1166 1890 1215 quo-

123 1216 372 1273 tidianum
400 1212 597 1270 sacrum
617 1217 793 1283 agendi
827 1217 886 1268 ad
902 1218 1084 1270 Altare
1106 1218 1260 1281 majus
1290 1220 1519 1271 Ecclesiae
1537 1219 1765 1272 Sodalitii
1782 1219 1889 1270 Mi-

120 1286 398 1339 sericordiae
416 1324 431 1347 ‚
463 1303 568 1353 quae
591 1286 818 1351 proxima
837 1289 902 1337 est
921 1289 1146 1340 Ecclefiae
1169 1290 1384 1340 Priorali
1404 1328 1420 1352 ‚
1464 1291 1512 1342 &
1548 1286 1753 1344 defeftis
1794 1304 1887 1340 nu-

120 1372 211 1422 per
237 1355 462 1416 jFamiliis
483 1390 497 1412 ‚
534 1360 758 1409 evenerit
781 1353 914 1407 casus
937 1356 1295 1415 substitutionis
1326 1359 1548 1423 Capituli
1575 1398 1591 1422 ,
1636 1361 1685 1411 &
1721 1359 1886 1410 Cano-

123 1427 359 1478 nicorum
381 1424 792 1491 SanffiStephani
816 1461 829 1481 ‚
866 1427 1229 1483 hiiuanimum
1271 1430 1601 1491 induxerunt,
1636 1440 1688 1480 ut
1726 1426 1887 1494 posset

118 1497 215 1549 hac
233 1495 557 1561 Cappellania
581 1493 793 1561 prospici
818 1495 1115 1561 Turnariis,
1154 1498 1445 1562 postulando
1484 1499 1699 1562 gratiam
1735 1515 1887 1549 com—

122 1566 422 1623 mutationis
447 1565 725 1619 voluntatis
748 1568 840 1615 hoc
863 1578 1035 1618 tamen
1069 1567 1258 1631 mod0‚
1297 1568 1665 1635 Cappellanum
1699 1583 1885 1631 nempe

118 1636 431 1691 nominando
453 1651 509 1687 ea
534 1636 645 1701 lege
673 1676 687 1700 ‚
728 1634 771 1686 8(
792 1637 1085 1687 conditione
1105 1673 1119 1696 ‚
1158 1649 1210 1689 ut
1230 1636 1402 1690 diebus
1419 1636 1712 1694 Dominicis
1729 1671 1744 1698 ‚
1762 1633 1890 1688 aliis·

115 1719 212 1771 que
236 1705 383 1763 Pestis
404 1739 416 1762 ‚
454 1706 631 1770 quibus
653 1705 868 1757 Ecclesia
906 1705 1119 1758 Priorali
1158 1708 1376 1760 abundat
1422 1709 1613 1766 Sacris,
1644 1719 1757 1774 agat
1798 1706 1886 1758 Sa-

117 1774 364 1827 crificium
386 1775 444 1826 ad
468 1775 643 1827 Altare
663 1776 819 1838 majus
850 1776 1074 1828 Ecclefiae
1092 1777 1350 1830 Sodalitii:
1372 1776 1565 1830 Diebus
1594 1792 1713 1833 vero
1730 1773 1886 1829 feria-

115 1843 343 1908 rialibus,
362 1846 537 1910 quibus
558 1844 769 1901 Ecclesia
789 1845 1027 1898 Prioralis
1044 1858 1179 1904 caret
1194 1846 1366 1906 Sacris,
1387 1858 1557 1914 agatur
1574 1845 1887 1899 Sacrificium

114 1931 217 1966 non
242 1931 265 1965 a
288 1915 593 1979 Cappel'lano
612 1954 627 1978 ‚
663 1911 743 1970 sed
765 1931 791 1967 a
816 1916 1086 1970 Sacerdote
1105 1918 1271 1985 aliquo
1306 1933 1364 1973 ex
1387 1914 1546 1970 solitis
1583 1917 1635 1969 in
1673 1915 1887 1972 eadem-,2

115 1983 330 2039 Ecclesia
354 1985 560 2041 Priorali
582 1997 818 2051 tempore
833 1986 968 2043 Sacri
987 1986 1356 2043 Conventualis
1372 2024 1389 2041 .

27 2054 160 2110 ⁴Hac
177 2056 343 2118 itaque
367 2055 427 2106 de
450 2071 499 2105 re
525 2070 690 2118 preces
710 2055 1008 2108 obtulerunt
1031 2093 1046 2115 ‚
1086 2053 1169 2108 sed
1198 2057 1394 2109 auditus
1415 2055 1683 2123 Episcopus
1714 2064 1889 2109 contra

112 2124 408 2188 Capitulum
430 2124 502 2176 his
521 2123 764 2190 praecipue
789 2126 1066 2179 rationibus
1089 2124 1372 2189 respondit,
1411 2132 1536 2195 quod
1555 2130 1688 2184 iuxta
1709 2125 1890 2178 Testa-

111 2195 236 2250 toris
257 2194 571 2251 voluntatem
594 2195 735 2246 Sacra
754 2196 944 2260 agenda
965 2197 1055 2248 sitit
1078 2198 1125 2247 in
1161 2196 1382 2253 Ecclesia
1415 2194 1679 2260 sodalitii,
1714 2211 1810 2251 non
1836 2193 1890 2246 in

110 2263 328 2315 Ecclesia
351 2263 554 2316 Priorali
576 2281 587 2316 ε
628 2268 771 2335 Qod
791 2264 1027 2320 Turnarii
1047 2262 1424 2330 eleemosynam
1443 2269 1653 2321 habeant
1671 2264 1894 2317 duorum

111 2332 384 2389 Sacrorum
411 2373 426 2396 ‚
442 2351 547 2400 quae
566 2336 750 2402 agenda
768 2330 877 2387 sunt
899 2374 913 2398 ,
929 2336 1053 2387 dum
1074 2339 1240 2403 agitur
1259 2336 1471 2391 Sacrum
1488 2333 1844 2389 Conventuale
1863 2367 1880 2390 ‚

110 2416 273 2466 neque
311 2401 371 2456 iis
402 2405 563 2457 desint
599 2405 693 2458 alia
731 2421 879 2458 onera
913 2407 1184 2458 Sacrorum
1220 2401 1315 2460 suis
1334 2404 1612 2458 Praebendis
1655 2403 1886 2459 adnexa;

109 2474 256 2542 Qud
271 2489 402 2526 nova
427 2479 516 2526 bac
538 2476 810 2527 Sacrorum
839 2472 1157 2541 assignatione
1173 2474 1338 2527 induci
1361 2472 1507 2539 possit
1528 2475 1661 2525 inter
1678 2472 1893 2537 Capitu-

111 2543 241 2593 lares
258 2540 484 2597 confusio
508 2578 521 2601 ‚
542 2560 636 2609 qua
658 2544 1002 2611 negligeretur
1021 2543 1186 2609 potius
1205 2581 1222 2605 ‚
1259 2559 1411 2610 quam
1433 2540 1718 2597 servaretur
1738 2546 1892 2594 statu-

110 2614 231 2664 taria
252 2612 506 2676 dispositio
531 2647 544 2670 ‚
574 2626 718 2679 prout
739 2616 1100 2681 contigitanno
1128 2631 1311 2680 1732„
1356 2629 1458 2677 quo
1493 2610 1618 2666 fitia
1637 2610 1733 2676 [uit
1751 2612 1898 2664 Tur-

109 2682 256 2732 nariis
275 2680 550 2745 Capitulari
590 2685 796 2736 decreto
834 2696 970 2735 certa
1009 2685 1276 2738 Sacrorum
1304 2681 1562 2751 affignatio
1579 2720 1593 2742 ‚
1630 2678 1735 2746 q'uae
1775 2681 1892 2734 inde

106 2751 208 2806 alio
237 2751 446 2804 decreto
467 2754 691 2804 revocari
715 2754 890 2804 debuit
917 2755 1085 2823 :Qod
1097 2753 1313 2818 denique
1332 2754 1406 2805 his
1429 2752 1593 2806 Sacris
1616 2764 1853 2816 tempore
1875 2787 1891 2810 2

109 2837 208 2885 quo
228 2821 584 2873 Conventuale
605 2825 768 2890 agitur
789 2854 805 2878 2
839 2823 1060 2886 Populus
1082 2840 1182 2876 non
1199 2835 1380 2890 egeat,
1416 2824 1502 2891 qui
1525 2839 1664 2876 rarus
1695 2821 1895 2875 accedit

111 2891 171 2941 ad
192 2890 331 2946 illam
356 2891 626 2945 Ecclesiam
650 2896 701 2945 in
723 2891 839 2950 loco
863 2892 1062 2959 dissito,
1105 2896 1152 2947 8<
1174 2908 1325 2957 prope
1365 2896 1543 2946 maenia
1558 2893 1792 2946 Civitatis
1828 2891 1896 2941 fi-

113 2974 216 3011 tam
239 2996 252 3011 .
286 2959 441 3014 Causa
469 2963 800 3028 proponitur,
837 2966 916 3016 seu
943 2965 1109 3018 verius
1140 2963 1359 3028 Capituli
1401 2964 1670 3029 postulatio
1697 2998 1712 3023 ,
1751 2961 1893 3026 cujus

111 3030 313 3081 libellus
335 3044 470 3084 totus
497 3034 562 3084 est
584 3068 595 3088 ‚
638 3045 691 3085 ut
714 3036 984 3086 monstrata
1007 3035 1222 3086 utilitate
1257 3033 1682 3087 commutationis
1703 3032 1789 3084 vol
1804 3049 1894 3082 un-

110 3099 225 3155 tatis
251 3135 264 3156 ‚
285 3114 340 3152 ex
364 3117 456 3168 qua
476 3101 983 3155 nullidetrimentum
1030 3102 1242 3157 insertur
1264 3141 1281 3166 ‚
1314 3119 1474 3166 neque
1499 3118 1642 3156 mens
1664 3102 1897 3155 Testato-

104 3173 167 3225 xis
190 3171 235 3220 iti
263 3170 353 3234 ipsa
377 3172 440 3220 sui
489 3170 744 3224 substantia
779 3174 1051 3235 evertitur,
1089 3172 1318 3237 Episcopi
1359 3173 1642 3226 rationibus
1680 3167 1894 3236 respon-

107 3241 220 3293 deat
237 3274 248 3294 ‚
278 3252 330 3292 ut
355 3241 464 3292 Effii
486 3241 656 3295 Patres
680 3248 784 3307 ejus
808 3241 1021 3295 lectione
1041 3241 1337 3310 dignoscent
1359 3275 1374 3295 .
1398 3243 1574 3297 Unum
1601 3246 1669 3296 est
1690 3239 1894 3306 Caput,

106 3310 184 3363 cui
216 3308 611 3373 respondendum
632 3316 695 3363 cst
717 3349 731 3362 .

41 3379 128 3431 An
160 3380 458 3442 Officiatura‘
480 3380 748 3433 Cherubini
784 3386 838 3432 in
874 3383 1074 3445 Ecclefia
1110 3383 1209 3432 SS.
1261 3383 1501 3450 Stephani
1532 3416 1546 3438 ‚
1584 3382 1647 3436 ὥσ
1692 3380 1894 3432 Νἰεοίαὲ

111 3449 315 3508 Piscien‚
333 3452 540 3513 conferri
561 3458 720 3502 valeat
743 3453 991 3503 Sacerdoti
1013 3487 1027 3508 ‚
1061 3457 1146 3515 qui
1181 3454 1423 3503 celebrare
1457 3454 1625 3501 debeat
1660 3464 1744 3516 pro
1768 3452 1893 3501 dicia

110 3518 390 3572 Ossciacsera
417 3523 580 3568 diebus
603 3524 866 3573 Dominicis
890 3557 902 3575 ‚
939 3525 999 3575 ὢν
1019 3523 1215 3587 Festivis
1233 3524 1286 3570 de
1300 3535 1531 3586 praecepto
1551 3521 1743 3570 tannim
1767 3553 1780 3576 ‚
1828 3521 1892 3574 ὠν

105 3589 269 3644 diebus
285 3588 490 3639 Feriatis
510 3591 762 3644 celebracio
781 3588 1016 3658 meffarum
1045 3605 1131 3659 pro
1155 3592 1313 3641 eadem
1335 3592 1622 3657 Officiacnra
1650 3591 1883 3642 committi

1798 3674 1890 3710 va-
