2571 3961
1826 136 1859 177 a

158 191 814 255 OROSEMPRONIENJ:
850 193 928 250 Ut
945 193 1272 253 voluntatem
1292 190 1574 246 Alexandri
1592 193 1726 249 Suzii
1754 230 1770 256 ‚
1804 140 1897 250 cui
1943 189 2113 246 &ss-2⁴·
2127 197 2230 245 ωμ·

171 270 246 328 ius
261 274 414 324 haercs
433 264 598 324 fuerat
618 301 634 327 ‚
654 281 987 333 exequeretur
1002 265 1223 325 Carolus
1235 263 1611 330 Chiappolinius
1630 266 1682 317 in
1709 263 1907 320 Roma·
1943 249 1992 290 ⁴²
2010 246 2085 303 '‘f'-

100 359 172 398 no
193 341 332 395 Foro
355 338 672 402 Advocatus‚
686 337 1067 404 Cappellaniam
1089 333 1344 391 Laicalem
1371 331 1608 388 fundavit
1630 334 1696 388 ad
1713 335 1901 391 Altare

103 408 402 466 Sanffiffimi
425 408 666 463 Crucifixi
690 408 740 462 in
762 408 980 462 Ecclesia
996 407 1092 460 ΡΡ.
1133 400 1554 461 Refer-matorum
1579 405 1630 461 S.
1650 403 1899 460 Francisti

104 481 342 537 Civitatis
362 475 771 545 Forolempronii
791 512 808 539 ,
856 476 1113 531 reservato
1129 474 1219 527 fibi
1240 509 1256 534 ,
1287 470 1481 541 suisque
1499 475 1776 529 haeredibus
1800 511 1815 537 ‚
1852 475 1902 530 &

104 546 465 605 successoribus
481 550 531 602 in
553 548 816 603 infinitum
828 548 1243 611 Jurepatronatus
1262 542 1770 604 ejusdemDefunGto
1783 544 1907 599 Ad-

102 634 293 675 vocato
316 655 333 681 ,
350 620 472 687 qui,
508 619 557 674 &
578 617 822 671 Patronus
837 647 857 681 2
895 617 948 675 ἀ
966 616 1155 683 primus
1167 613 1504 678 Cappellanus
1548 611 1715 668 fuerat
1737 650 1752 674 ‚
1794 616 1901 670 duo

101 694 210 754 ejus
232 691 434 744 Fratres
460 689 731 756 Regulares
747 688 798 739 in
820 684 1018 739 Ordine
1054 683 1444 738 Heremitar-urn
1466 683 1589 739 Divi
1626 685 1898 752 Augustini

104 776 289 827 preces
307 756 602 814 obtulerunt
619 757 778 818 Sacro
796 755 914 810 huic
932 753 1204 809 Tribunali
1227 789 1244 817 ,
1275 754 1454 822 quibus
1475 753 1788 818 postularunt
1806 757 1898 809 fibi

105 831 217 884 dari
236 827 620 895 cappellaniam
641 822 754 885 ‚sed
771 826 949 879 audito
971 823 1220 892 Episcopo
1247 816 1900 889 Forolempronieusimen-

100 898 198 953 suit
219 900 304 953 hic
318 895 697 963 cappellaniam
717 912 777 949 ex
813 897 1081 949 voluntate
1099 892 1402 949 Fundatoris
1437 893 1537 945 effe
1590 893 1902 954 Ecclesiasti-

101 984 221 1027 cam
241 1003 257 1028 ‚
281 981 447 1032 neque
465 964 676 1033 potuiffe
695 969 756 1019 ab
776 962 1057 1021 Advocato
1075 964 1438 1031 Chiappolinio
1456 967 1562 1025 ejus
1586 966 1803 1026 haerede,
1822 978 1899 1018 at*

99 1055 200 1104 que
217 1047 532 1102 exequutore
550 1037 781 1090 naturam
806 1035 942 1090 illius
960 1037 1145 1090 mutari
1166 1054 1179 1090 z
1216 1034 1358 1088 idem
1376 1030 1545 1088 visum
1566 1039 1638 1090 est
1659 1032 1899 1102 Amplisv

98 1108 238 1161 simis
271 1106 501 1164 Patribus
518 1141 534 1166 ‚
571 1107 794 1174 ideoque
832 1105 1164 1175 Regularium
1189 1118 1368 1170 preces
1410 1102 1608 1168 reieftae
1645 1102 1854 1172 fuerunt
1876 1138 1894 1161 η

94 1176 190 1233 Sed
213 1191 338 1231 unus
361 1191 421 1228 ex
441 1177 501 1230 iis
516 1177 626 1230 Pat.
639 1177 927 1232 Marcellus
942 1174 1100 1229 veluti
1123 1177 1369 1230 Patronus
1387 1174 1680 1236 nominavit
1695 1174 1898 1238 Domi-.—

98 1248 277 1307 nicum
314 1244 598 1304 Panzinum
636 1247 902 1308 clericum
940 1243 1516 1313 Forosemproniensem
1536 1280 1552 1306 ‚
1589 1244 1711 1313 qui,
1749 1244 1894 1300 adito

100 1314 354 1383 Episcopo
392 1351 407 1377 ‚
434 1315 777 1384 cappellaniae
818 1313 1177 1385 pofleffionem
1233 1312 1408 1369 nastus
1445 1316 1515 1376 est
1549 1315 1632 1369 dle
1669 1320 1723 1369 8.
1756 1315 1891 1370 Maii

98 1402 235 1441 auno
261 1408 279 1439 1
293 1405 321 1451 7
396 1424 412 1440 .

24 1453 99 1511 Re
119 1402 388 1522 comper{a3
400 1473 428 1510 a
447 1455 660 1512 clerico
675 1459 869 1516 Ioanne
883 1455 1121 1523 Trepetti
1141 1489 1158 1516 ‚
1183 1455 1570 1523 Cappellaniam
1589 1455 1890 1522 impetravit

92 1542 122 1579 a
141 1526 270 1580 Sede
291 1527 587 1590 Apostolica
611 1545 672 1582 ex
707 1527 851 1588 caula
863 1523 1141 1581 affectionis
1156 1560 1172 1585 ‚
1208 1526 1349 1594 quod
1369 1525 1673 1580 Advocatus
1708 1525 1893 1579 Patro-

86 1611 184 1651 nus
206 1630 220 1651 ,
256 1594 304 1649 8(
321 1597 657 1664 cappellanus
677 1600 727 1656 in
747 1597 905 1654 Curia
925 1594 1234 1655 deceffiflet3
1257 1595 1472 1651 Nudum
1495 1605 1670 1650 tamen
1687 1595 1896 1650 Benefi-

93 1667 160 1720 cii
176 1665 419 1725 Titulum
438 1668 724 1738 assequutus
741 1671 811 1723 est
830 1704 847 1730 ,
867 1685 986 1723 narn
1006 1666 1275 1723 Panzinius
1287 1665 1576 1721 monitorio
1593 1665 1891 1728 Tribuualis

90 1734 163 1789 A.
179 1735 243 1790 C.
258 1736 613 1801 poffeffionem
633 1738 772 1795 suam
793 1736 1256 1795 defendebat.Dum
1281 1738 1343 1791 lis
1361 1738 1493 1792 inter
1512 1750 1602 1790 eos
1622 1741 1894 1803 agebatur,

87 1805 465 1876 Consanguinei
482 1810 548 1863 de
574 1809 899 1865 transactione
917 1821 1155 1878 egerunt,
1176 1809 1228 1862 &
1250 1811 1358 1873 post
1381 1806 1565 1873 longas
1591 1805 1895 1873 disputatio-

84 1892 177 1931 nes
194 1891 553 1933 convenerunt
574 1916 590 1940 ‚
605 1893 660 1935 ut
681 1881 953 1935 Panzinius
969 1877 1359 1947 Cappellaniam
1376 1876 1583 1932 cederet
1601 1876 1857 1944 Trepetto
1877 1883 1899 1939 ,'

85 1951 175 2004 hic
191 1963 315 2001 vero
337 1950 629 2004 remitteret
649 1953 896 2016 Panzinio
914 1947 1107 2005 fruetus
1139 1963 1322 2003 omnes
1336 1981 1355 2008 ,
1397 1962 1524 2012 quos
1560 1959 1860 2014 perceperat
1877 1981 1895 2007 ‚

81 2016 133 2069 8(
152 2030 477 2084 percepturus
499 2020 662 2075 fuisset
681 2019 838 2088 usque
857 2023 919 2076 ad
945 2022 1209 2089 integrum
1229 2034 1421 2073 annum
1466 2033 1618 2085 1753.
1642 2050 1659 2073 .
1703 2017 1774 2072 ita
1814 2028 1898 2073 ta-

84 2101 209 2141 men
228 2122 244 2146 ,
282 2102 340 2140 ut
358 2090 631 2143 accederet
645 2089 856 2144 affensus
872 2091 1075 2144 Summi
1107 2089 1402 2146 Pontificis‚
1441 2087 1566 2139 alias
1601 2086 1745 2140 nulla
1771 2086 1895 2141 effct

82 2161 367 2215 conventio
387 2196 406 2222 ‚
429 2160 480 2212 δι
499 2161 828 2227 unnsquisque
846 2159 910 2212 ad
929 2158 1010 2212 sua
1028 2159 1192 2223 prima
1210 2157 1234 2213 J
1241 2172 1326 2209 ura
1341 2154 1724 2222 regrederetur.
1742 2155 1894 2218 Hanc

84 2227 491 2281 conventionem
511 2233 858 2295 approbarunt
881 2229 985 2283 duo
1005 2229 1266 2297 litigantes
1291 2224 1471 2292 scripta
1488 2229 1716 2294 apocha,
1737 2226 1888 2282 inde...

83 2296 228 2350 adito
245 2299 535 2364 Sanifliffimo,
553 2303 753 2361 Domino
772 2300 970 2371 Nostro,
996 2301 1047 2351 &
1072 2298 1292 2351 revomni
1315 2296 1514 2363 integre
1534 2306 1734 2350 narrata
1754 2329 1772 2355 ‚
1799 2313 1900 2362 po.-

82 2365 326 2421 stularunt
353 2403 367 2427 ,
393 2369 444 2420 &
469 2370 810 2439 impetrarunt
829 2372 937 2430 eius
957 2367 1199 2422 affensurn
1218 2403 1235 2419 .
1254 2369 1328 2420 At
1350 2380 1462 2417 rem
1484 2380 1697 2418 omnem
1715 2370 1894 2420 turba-

83 2447 205 2490 runt
227 2437 450 2492 Patronae
468 2440 808 2506 Cappellaniae
828 2475 843 2498 ‚
883 2456 992 2505 quae
1017 2442 1069 2490 in
1111 2433 1394 2502 Episcopali
1437 2435 1596 2489 Curia
1613 2430 1891 2491 Forosem„

85 2505 340 2569 pronienfi
377 2505 647 2567 Clericum
672 2510 919 2576 Trepetti
939 2508 1003 2564 de
1035 2506 1259 2562 crimine
1294 2503 1523 2563 fimoniae
1553 2502 1852 2558 accularunt
1876 2542 1896 2561 .

84 2573 283 2631 Contra
309 2580 437 2630 hanc
460 2581 836 2634 accusationem
858 2594 1035 2645 preces
1064 2579 1224 2632 Sacro
1241 2577 1363 2632 huic
1397 2574 1669 2628 Tribunali
1686 2576 1893 2629 obtulee

84 2656 204 2696 runt
224 2644 492 2705 Panzinius
513 2685 530 2709 ,
565 2651 616 2703 ὃς
636 2649 908 2713 Trepettus
928 2685 944 2700 .
975 2647 1199 2701 Auditus
1223 2646 1383 2714 igitur
1399 2641 1677 2712 Episcopus
1713 2643 1893 2699 secun-

84 2712 213 2770 dum
229 2732 318 2770 eos
335 2718 590 2785 respondit
609 2755 625 2777 .
663 2720 829 2775 Causa
848 2734 985 2773 nunc
1004 2716 1302 2785 proponitur
1320 2751 1338 2776 ,
1374 2714 1427 2772 &
1447 2715 1703 2781 disputant
1725 2714 1891 2771 iidem

85 2781 277 2840 Clerici
296 2787 460 2840 abeffe
480 2797 703 2842 omnem
754 2787 983 2844 fimoniae
1019 2790 1186 2843 lahem
1205 2821 1221 2848 ‚
1243 2787 1359 2855 quia
1396 2782 1708 2842 reservatum
1732 2782 1890 2840 fuerit

78 2851 446 2926 Apostolicum
465 2859 847 2931 Beneplacitum
867 2899 886 2927 ,
917 2860 1035 2927 quia
1073 2858 1353 2930 conventio
1388 2855 1614 2910 Summo
1649 2854 1891 2915 Pontifici

76 2936 282 3001 narrata
301 2926 454 2982 fixerit
473 2949 486 2989 ε
506 2930 620 2985 Nec
636 2943 838 2986 mutare
851 2965 866 2990 ‚
885 2932 1022 3000 quod
1042 2930 1309 2985 Panzinius
1329 2938 1454 2982 ante
1475 2921 1730 2980 affenfiim
1748 2925 1889 2980 Pon-

80 2992 301 3051 tificiurn·
323 2995 509 3054 fruetus
528 3004 814 3070 perceperit
836 3038 852 3061 ,
874 3003 991 3069 quia
1014 3017 1115 3055 non
1131 3002 1252 3057 lure
1266 2997 1650 3055 conventionis,
1664 2993 1747 3050 fed
1760 2997 1788 3053 J
1794 3011 1886 3050 ure

71 3062 168 3115 suae
189 3066 498 3130 poffeffionis
521 3103 541 3129 ,
560 3073 613 3123 in
638 3092 736 3143 qua
755 3073 970 3126 eratlite
986 3072 1243 3139 pendente
1259 3105 1276 3129 ‚
1297 3087 1386 3124 cos
1405 3068 1690 3135 perceperit
1712 3103 1730 3124 .
1755 3067 1885 3127 Haec

13 3190 30 3206 Γ
78 3130 181 3187 duo
199 3137 481 3194 clerici.A
505 3141 735 3200 Patronis
757 3143 889 3198 nihil
917 3142 1186 3197 habuimus
1205 3179 1222 3198 .
1240 3138 1475 3194 Dubium
1492 3140 1561 3194 est
1582 3177 1601 3200 ς,

12 3196 102 3255 ΑΒ
118 3213 369 3264 conventio
381 3244 397 3272 ‚
416 3215 475 3273 de
499 3226 598 3290 qua
612 3220 785 3293 agrrug
807 3217 1156 3293 ‚fitfimqaiaca
1178 3216 1230 3271 in
1247 3214 1362 3286 cqsu
1377 3214 1490 3280 &c-

151 3358 417 3448 Negative
435 3381 456 3443 ,ᾗ

1669 3690 1835 3758 ΒΚΑἙ
