2571 3961
30 175 287 238 prospicere
304 175 560 228 voluerunt
579 206 594 226 ‚
629 168 894 229 eonsensum
928 169 1053 225 suum
1078 167 1212 223 facile
1234 167 1536 230 praestiterunt
1558 203 1570 221 ,
1603 179 1656 220 ut
1677 171 1844 230 praevio
1873 123 1973 225 attiigs⁸

28 237 227 293 tinnuli,
262 240 352 294 sive
375 251 603 299 campanae
623 234 802 291 sonitu,
836 234 914 283 vel
932 249 970 280 »a
1002 231 1302 295 Cappellanis
1329 231 1530 289 ejusdem
1551 230 1731 283 Batonis
1749 267 1761 284 ,
1797 235 1872 280 vel
1912 240 1969 281 ab

26 301 135 355 aliis
157 302 473 354 Sacerdotibus
492 335 504 352 ‚
539 301 579 346 &
601 299 904 360 Regularibus
925 297 986 344 ab
1002 309 1058 342 eo
1075 294 1275 343 evocatis
1293 294 1455 343 diebus
1476 299 1688 345 omnibus
1709 296 1865 343 Festisr
1885 297 1966 349 sa-

27 379 106 417 cra
128 362 288 417 fierent
308 400 321 419 ,
352 366 593 418 conciones
614 362 884 413 haberentur
906 394 920 412 ,
947 360 1232 413 Sacramenta
1249 357 1546 411 Poenitentiae
1566 393 1579 411 ‚
1597 360 1641 405 8<
1666 359 1966 415 Eucharistiae,

33 415 77 481 8(
97 427 277 491 quidem
307 428 352 474 in
374 426 594 488 Cappella
612 421 916 473 Aulebacenfi
934 421 1138 471 omnibus
1159 421 1412 476 indistinete
1445 419 1535 473 sive
1555 421 1812 474 domesticis
1834 456 1848 475 ‚
1884 422 1971 471 sive
1988 433 2005 445 ⁹

32 490 206 546 exteris
228 528 239 545 ‚
276 491 322 538 in
340 487 744 550 Clingenbergensi
763 502 876 536 vero
891 486 995 534 solis
1012 481 1260 532 domesticis
1278 483 1642 539 ministrarentur
1660 521 1673 539 ,
1712 486 1829 531 itaut
1861 483 1973 541 licet:

34 553 196 601 eadem
217 555 434 610 Oratoria
453 550 640 615 publica
656 566 815 609 revera
831 564 920 607 non
946 547 1087 603 essent
1104 581 1118 599 ‚
1148 561 1302 596 omnes
1321 559 1476 595 tamen
1495 548 1675 595 Sacrum
1708 551 1752 595 in
1783 550 1839 596 iis
1878 564 1971 595 au·-

32 615 206 672 dientes
232 618 371 673 Pestis
392 614 578 669 diebus,
606 613 709 669 satis
727 623 959 676 praecepto
990 609 1137 665 fecisse
1165 609 1453 663 censuerint,
1485 626 1628 673 neque
1653 611 1737 660 hac
1771 614 1823 660 de
1841 610 1975 660 causa

36 675 307 749 scrupulum
338 693 532 742 unquam
559 677 635 732 fibi
654 676 756 740 ipsis
774 673 1014 738 injecerint
1032 705 1046 718 .
1350 735 1361 744 η
1567 676 1572 682 ’

0 738 44 796 Jt
65 741 207 806 igitur
223 744 496 798 Animarum
512 739 672 793 saluti,
703 741 743 787 &
767 737 1026 791 Incolarum
1045 734 1361 783 commoditati
1383 736 1644 790 consuleret
1659 773 1679 791 0
1714 737 1834 785 idem
1857 738 1975 788 Baro

34 806 285 868 postulavit
312 822 338 853 a
357 801 795 863 SANCTlsSIMO
828 797 1108 849 DOMINO
1142 797 1413 852 NOSTRO
1432 799 1662 854 Indultum
1678 837 1693 857 ,
1713 818 1805 864 quo
1821 807 1977 850 eadem

37 869 256 926 Oratoria
278 867 462 931 publica
494 862 689 919 fierent,
722 864 842 911 itaut
860 898 875 916 ,
909 862 984 925 qui
1013 863 1194 908 Sacrum
1220 860 1279 930 ‚in
1310 862 1368 911 iis
1397 864 1586 924 *audiant
1620 864 1757 918 Festis
1789 866 1945 912 diebus
1962 901 1978 925 a.

36 931 399 986 Ecclesiasticum
414 939 691 990 praeceptum
709 927 926 988 impleant
944 962 957 980 ‚
974 922 1064 980 five
1081 936 1230 973 exteri
1251 924 1362 980 sint,
1402 923 1494 972 sive
1514 926 1788 983 domestici,
1822 929 1863 975 ὃ(
1892 943 1978 974 va—

36 986 167 1043 leant*
199 992 392 1043 Parochi
428 990 669 1049 conciones
703 991 902 1044 habere,
933 989 975 1039 δι
1009 988 1298 1044 Sacramenta
1332 987 1611 1044 ministrare.
1653 989 1979 1044 Postulationis

35 1048 171 1114 hujus
191 1055 391 1119 cognitio
411 1051 779 1108 Eminentiffimis
797 1051 1007 1107 Patribus
1027 1051 1128 1098 data
1156 1050 1242 1099 suit
1266 1070 1281 1099 τ
1311 1051 1501 1101 Auditis
1521 1065 1620 1100 tum
1645 1053 1833 1101 Nuncio
1852 1056 1979 1114 Apo-

38 1119 200 1175 stolico
216 1130 314 1171 tum
334 1116 538 1174 Officiali
561 1117 841 1182 Moguntino
870 1130 950 1177 pro
966 1114 1245 1171 concessione
1265 1113 1432 1164 indulti
1455 1151 1469 1171 ‚
1499 1117 1559 1165 ab
1576 1131 1772 1182 utroque
1793 1116 1981 1177 respon-

36 1183 132 1231 sum
152 1180 239 1236 fuit
259 1214 272 1233 ,
306 1179 388 1232 nisi
417 1180 535 1242 quod
551 1179 783 1239 Officialis
809 1177 1118 1239 Mogontinus
1144 1192 1238 1231 non
1270 1179 1489 1240 expedire
1523 1180 1746 1237 censuerit
1774 1181 1820 1227 in
1853 1181 1980 1228 Ora-

39 1242 590 1307 torioClingenbergenst
627 1243 871 1292 conciones
898 1240 1051 1288 haberi
1072 1273 1087 1293 2
1121 1239 1163 1287 δι
1196 1242 1485 1298 Sacramenta
1518 1255 1820 1307 praterquam
1856 1241 1983 1291 infir-

34 1306 121 1367 mis
141 1304 386 1361 ministrari
408 1341 422 1360 ,
455 1322 511 1362 ne
544 1305 865 1359 detrimentum
886 1303 1086 1360 Parocho
1102 1301 1327 1353 inferatur
1343 1343 1354 1360 ,
1380 1321 1646 1368 quamquam
1663 1309 1707 1354 id
1727 1308 1979 1355 conceden-

36 1370 151 1418 dum
170 1367 255 1423 effe
278 1368 464 1426 censeat
482 1371 702 1429 Oratorio
720 1366 1027 1423 Aulebacensi
1059 1383 1117 1415 ex
1150 1368 1278 1416 causa
1296 1368 1476 1426 majoris
1491 1371 1712 1420 distantiae
1742 1370 1799 1427 ab
1818 1369 1981 1419 Eccle-

35 1431 96 1484 sia
113 1431 373 1486 Parochjali
399 1465 414 1489 ,
448 1433 651 1488 Humani
684 1445 833 1480 tamen
851 1430 1019 1494 aliquid
1041 1429 1203 1493 paffum
1226 1430 1352 1479 fuisse
1368 1433 1627 1487 Officialem
1644 1435 1982 1498 Moguntinum

36 1495 149 1544 dicit
166 1494 282 1550 Baro
303 1530 317 1550 ‚
348 1511 458 1543 cum
479 1497 612 1549 venia
646 1495 843 1550 habendi
860 1493 1105 1550 conciones
1124 1530 1137 1547 ‚
1164 1495 1204 1541 ὅτ
1224 1494 1514 1543 Sacramenta
1532 1497 1887 1552 administrandi
1909 1514 1985 1560 pe-

36 1560 163 1613 tatur
181 1591 196 1611 ,
230 1569 280 1615 ut
303 1558 380 1605 vel
399 1558 479 1620 ipsi
500 1560 695 1616 Parochi
719 1592 733 1610 ,
763 1557 841 1606 vel
859 1556 942 1609 alii
963 1557 1226 1606 Sacerdotes
1244 1594 1256 1611 ,
1284 1558 1381 1621 ipsis
1400 1572 1554 1615 tamen
1575 1563 1985 1616 consentientibus,

32 1624 128 1672 haec
154 1635 287 1682 agere
306 1620 469 1682 poffint
490 1658 505 1676 ‚
549 1637 643 1670 non
675 1634 726 1670 ut
741 1619 927 1668 Parochi
944 1633 1191 1684 cogantur,
1220 1637 1310 1670 non
1335 1634 1383 1669 ut
1404 1658 1414 1676 2
1446 1623 1546 1683 ipsis
1566 1626 1723 1676 invitis
1741 1663 1755 1680 ,
1789 1626 1884 1672 haec
1902 1622 1982 1671 fie-

34 1687 75 1735 ri
107 1685 327 1739 valeant,
364 1683 481 1738 itaut
500 1684 681 1738 nullum
713 1683 798 1731 esse
817 1683 947 1745 poffit
965 1685 1286 1741 detrimentum
1308 1685 1498 1734 Parochi
1517 1686 1946 1751 Clingenbergensis
1968 1721 1981 1735 .

31 1747 185 1805 Causa
211 1747 364 1808 itaque
386 1763 505 1795 nunc
526 1747 795 1812 proponitur
812 1782 825 1799 ‚
860 1747 902 1794 ἂ
921 1748 1133 1810 pluribus
1156 1746 1324 1805 disserit
1355 1748 1476 1798 Baro
1497 1749 1737 1800 lndultum
1755 1787 1769 1806 ,
1804 1754 1858 1799 de
1891 1763 1987 1812 quq

32 1813 212 1874 agitur,
243 1810 430 1859 concedi
460 1810 609 1873 posset
644 1808 1166 1874 respondendumigitur
1179 1810 1300 1858 erit.

0 1882 50 1925 {n
70 1874 133 1942 fit
164 1875 479 1933 consulendum,
496 1874 765 1935 Sanbliffimo
786 1888 873 1940 pro
908 1877 1165 1935 concessione
1182 1877 1356 1933 Indulti
1374 1878 1421 1926 c'n
1439 1879 1541 1938 casu
1560 1885 1660 1930 &a

99 2000 398 2049 Affirmative
418 2001 612 2050 arbitrio
632 1999 975 2049 Eminentifl'tmi
995 2000 1278 2064 Archiepisc.
1294 2002 1423 2069 juxta
1452 2002 1642 2061 sormam
1657 2002 1983 2070 suppositionis

32 2064 170 2120 salvis
189 2063 363 2123 juribus
383 2063 722 2123 parochialibus
734 2094 752 2120 q
1178 2066 1182 2072 “

0 2242 1 2245 ,
141 2191 386 2245 URANA
421 2190 902 2247 PAROCHIALIS:
941 2194 1116 2242 Vacata
1136 2193 1284 2240 mense
1300 2193 1434 2250 Maio
1453 2194 1560 2241 anni
1581 2207 1714 2256 1753.
1731 2195 1986 2246 parochia-

0 2252 22 2302 ⁵..'
156 2256 189 2311 li
225 2254 420 2317 Ecclesia
448 2256 610 2303 Terrae
631 2256 838 2317 Raponis
857 2291 869 2308 ‚
899 2255 1129 2304 Muranus
1149 2254 1400 2317 Episcopus
1422 2292 1435 2310 ‚
1470 2270 1521 2304 ut
1538 2258 1696 2306 Terrae
1735 2260 1861 2308 illius
1902 2261 1987 2304 Sa*

36 2321 295 2374 cerdotibus
317 2353 330 2371 ‚
364 2335 473 2381 quos
491 2320 541 2371 in
558 2317 818 2372 visitatione
839 2318 997 2370 habita
1017 2317 1217 2381 sequenti
1240 2320 1387 2367 mense
1399 2322 1535 2375 Junio
1554 2321 1795 2374 necessaria
1825 2322 1985 2370 doitri·

35 2397 91 2429 na
113 2382 347 2438 destitutos
366 2394 620 2446 agnoverat
641 2417 654 2441 ‚
688 2395 861 2444 tempus
891 2382 1041 2429 studiis
1061 2382 1257 2433 vacandi
1293 2383 1552 2444 indulgeret
1573 2420 1584 2437 ‚
1625 2385 1832 2432 consulto
1850 2384 1985 2432 Con-

34 2445 212 2498 cursum
232 2448 468 2506 protraxit
496 2446 551 2497 ad
575 2445 703 2498 diem
743 2461 811 2499 10.
849 2445 1009 2492 mensis
1047 2445 1255 2497 Octobris,
1275 2476 1291 2490 .
1331 2446 1547 2499 Adventa
1576 2449 1648 2495 die
1667 2483 1679 2501 ‚
1715 2464 1830 2496 unus
1855 2451 1986 2497 venit

37 2507 270 2560 Xaverius
304 2510 468 2561 Pinto,
499 2509 735 2563 deterritis
764 2509 864 2557 aliis
884 2508 1205 2558 Sacerdotibus
1242 2525 1267 2555 a
1288 2506 1519 2561 Michaele
1556 2513 1654 2568 ejus
1689 2510 1853 2565 Patre.
1893 2513 1985 2561 His

35 2571 239 2632 cognitis
259 2570 317 2620 ab
329 2572 548 2631 Episcopo
566 2608 577 2622 ‚
611 2572 901 2623 Concursum
927 2570 1194 2633 prorogavit
1217 2572 1271 2618 ad
1288 2569 1413 2618 diem
1434 2584 1486 2625 23
1505 2609 1515 2620 .
1542 2574 1746 2631 ejusdem
1774 2574 1945 2623 Mensis
1965 2613 1978 2626 .

36 2633 153 2681 Duo.
181 2649 346 2680 nomen
380 2633 600 2681 dederunt
634 2635 752 2681 idem
772 2633 1034 2688 Xaverius,
1067 2636 1109 2681 &
1142 2634 1337 2693 joannes
1353 2634 1554 2692 Chiaja,
1588 2635 1663 2689 sed
1699 2636 1771 2686 hic
1797 2654 1980 2700 opera...

37 2697 284 2749 Michaelis
305 2699 358 2748 ad.
374 2712 560 2744 examen
577 2711 666 2742 non
690 2697 846 2745 venit:
884 2696 1059 2744 differri
1079 2696 1234 2758 itaque
1274 2710 1348 2749 res
1371 2699 1522 2745 debuit
1551 2700 1598 2746 in
1630 2700 1749 2748 diem
1784 2701 1980 2762 sequen—

40 2772 171 2815 tem,
199 2774 282 2822 qua
302 2774 488 2822 uterque
517 2764 576 2806 ab.
611 2759 1006 2813 Examinatoribus
1036 2760 1309 2820 reprobatus
1340 2758 1429 2806 fuit
1449 2795 1459 2808 .
1499 2761 1702 2810 Noscens
1734 2765 1980 2829 Episcopus

41 2822 116 2878 Jus
147 2823 418 2875 devolutum
450 2821 537 2869 effe
570 2823 627 2869 ad
657 2822 856 2872 Sanctam
877 2822 1030 2870 Sedem
1052 2823 1204 2870 literas
1234 2822 1356 2870 dedit
1378 2823 1439 2875 adr
1465 2823 1875 2880 Eminentissimum
1915 2831 1978 2880 D.

40 2884 330 2937 Cardinalem
352 2885 717 2939 Pro-Datarium
734 2919 749 2938 ,
771 2886 849 2949 qui
869 2885 1044 2940 censuit
1077 2884 1220 2933 tertio
1253 2886 1549 2938 indicendum
1580 2888 1666 2942 esse.
1685 2892 1742 2936 ab
1760 2890 1980 2954 Epistopo

41 2947 352 3004 Concursum,
387 2951 428 2996 &
453 2948 484 2996 fi
512 2948 588 3000 vel
616 2948 772 2997 nullus
789 2950 966 3001 veniret
991 2984 1004 3001 ,
1041 2949 1121 2995 vel
1141 2963 1298 2996 omnes
1331 2951 1684 3011 reprobarentur
1711 2990 1724 3008 ‚
1755 2954 1985 3004 Sacerdos

40 3022 133 3055 tem
151 3009 248 3074 ipse
271 3011 349 3063 suo
366 3012 538 3071 judicio
564 3013 777 3066 idoneum
795 3012 912 3059 datis
931 3012 1082 3063 literis
1109 3011 1395 3059 renunciaret
1413 3043 1430 3061 .,
1463 3011 1660 3070 indictus
1691 3017 1848 3081 itaque
1887 3019 1980 3066 suit

38 3073 202 3120 tertius
221 3071 473 3127 Concursus
491 3077 570 3123 die
593 3075 1031 3135 11.Juliitransan0
1056 3090 1175 3124 anno
1201 3088 1317 3135 1:⁷54
1351 3087 1440 3121 tres
1460 3091 1626 3131 nomen
1641 3080 1864 3132 'dederunt
1886 3082 1982 3130 Xa-

37 3137 188 3184 verius
222 3135 302 3187 ille
323 3136 462 3188 Pinto
480 3139 724 3193 Michaelis
746 3138 893 3186 Filius.
922 3174 935 3192 ‚
964 3139 1155 3194 Joannes
1187 3137 1482 3196 lanuinus,
1516 3140 1558 3185 &
1592 3142 1711 3197 alter
1744 3143 1981 3197 Xaverl'us

39 3199 174 3246 Pinto
197 3199 393 3247 Antonii
423 3198 578 3255 filius,
621 3201 700 3263 qui
722 3236 736 3255 ‚
768 3201 881 3249 licet
913 3201 1076 3250 ultima
1104 3203 1176 3250 d-ie
1209 3201 1393 3254 termini
1415 3205 1593 3252 venerit
1613 3242 1626 3260 ,
1661 3205 1871 3256 admissus
1903 3220 1981 3254 ta-

38 3278 140 3308 men
171 3263 258 3308 fuit
289 3259 378 3313 fine
394 3263 591 3312 aliorum
626 3265 1022 3314 contradictione.
1051 3265 1304 3325 Reprobati
1339 3264 1525 3315 fuerunt
1557 3267 1607 3322 in,
1642 3285 1850 3318 examine
1888 3272 1980 3322 duo

36 3326 207 3384 priores
228 3359 241 3378 ,
272 3327 546 3386 approbatus
574 3326 662 3377 fuit
681 3327 911 3379 Xaverius
930 3329 1064 3376 Pinto
1085 3325 1208 3377 filius
1227 3328 1457 3381 Antonii.
1799 3368 1802 3370 -

0 3389 114 3436 {unc
146 3387 282 3448 igitur
305 3388 447 3450 elegit
483 3389 727 3450 Episcopus
764 3393 879 3446 datis
912 3392 1055 3438 literis
1085 3392 1137 3438 ad
1153 3390 1560 3444 Eminentislimum
1579 3395 1637 3442 Do
1674 3394 1979 3444 Cardinalem

36 3451 126 3506 Pro
157 3451 407 3503 Datarium
428 3487 442 3506 ‚
472 3453 518 3507 ὃ(
539 3452 698 3523 §tustra
717 3454 807 3508 sese
822 3456 1202 3503 contradictorem
1223 3455 1461 3518 praestante
1479 3456 1693 3509 Xaverio
1718 3461 1978 3517 reprobato,

36 3512 260 3572 expedita:
295 3511 478 3566 fuerunt
494 3515 656 3569 Literae
679 3516 974 3576 Apostolicae.
1011 3518 1228 3565 Nondum
1260 3529 1415 3570 tamen
1444 3523 1714 3579 approbatus
1741 3521 1978 3575 Xaverius

37 3574 336 3644 posseflionem
358 3579 512 3629 nactus,
539 3578 601 3631 est
618 3613 632 3632 ‚
665 3580 771 3643 quia
798 3580 1002 3628 nondum
1031 3579 1225 3643 superati
1255 3582 1310 3626 ab
1337 3597 1394 3627 eo
1412 3592 1654 3641 potuerunt
1688 3586 1980 3646 impedimen-

36 3649 83 3696 ta
105 3653 292 3700 omnia,¹
325 3654 421 3700 quae
440 3643 711 3703 reprobatus
735 3641 966 3695 Xjaverius
1015 3644 1179 3703 injecit
1210 3679 1221 3693 .
1259 3642 1384 3693 Inter
1406 3645 1499 3695 haee
1525 3646 1709 3701 fuerunt
1738 3665 1890 3714 preces
1925 3654 1981 3697 ab

1759 3712 1918 3761 eodem

2028 2213 2251 2342 άῖεὲἐὲἒί
2272 2218 2393 2285 ς.ι8.
