2571 3961
83 216 176 270 noli
196 244 210 265 ,
227 208 271 261 8<
293 205 529 258 Sacerdos
553 203 794 256 paschalis
820 203 1037 256 Matano
1057 232 1069 256 ‚
1091 199 1220 250 inter
1241 214 1368 265 quos
1389 200 1492 249 haec
1509 197 1672 261 agitur
1693 145 1851 247 causa7.

85 281 300 344 Expieto
318 276 543 328 examine
570 307 583 327 ‚
622 287 833 338 uterque
856 277 902 324 in
923 271 1176 325 Scrutinio
1212 269 1520 333 approbatus
1541 264 1638 318 fuit
1661 302 1673 322 ‚
1695 264 1775 317 sed
1800 266 1849 316 in

87 350 295 404 scientia
318 350 505 406 majora
530 343 644 395 tulit
666 342 841 408 punffla
860 344 1075 395 Matano
1097 338 1399 403 :Episcopus
1428 350 1598 390 tamen
1622 334 1848 386 Leonem

82 419 372 488 praeelegit,
388 430 606 479 eumque
628 414 836 467 immisit
861 416 908 464 in
927 410 1274 474 posseffionem
1301 405 1550 461 Parochiae
1573 443 1588 458 .
1611 403 1850 468 Appella-

80 492 151 545 vit
173 491 393 543 Matano
411 485 471 537 ad
492 489 588 536 hoc
601 485 810 536 Sacrum
833 482 1077 536 Tribunai
1101 518 1116 540 ‚
1138 480 1397 544 petiitque,
1419 490 1591 530 utnon
1613 472 1716 526 afta
1741 483 1853 522 tan-

81 570 193 614 tum
218 553 517 614 concursu5‚
553 550 632 604 sed
657 556 809 605 etiarn
832 553 1116 605 Proceffum
1153 548 1489 601 Criminalern
1532 561 1665 597 anno
1699 556 1848 607 1745.

80 644 255 684 contra
274 629 501 681 Leonem
522 637 638 676 tunc
658 624 946 675 Parochum
986 621 1174 684 Casalis
1214 619 1377 668 Fontis
1392 619 1596 667 Radincc
1641 630 1666 665 a
1691 612 1851 663 Curia

83 697 358 766 Episcopali
381 692 566 749 facium
591 730 604 752 ,
625 692 891 758 Episcopus
911 689 1279 741 transmitteret
1302 724 1316 738 .
1349 686 1492 737 Datis
1515 680 1732 749 epistolis
1749 682 1850 732 aeia

81 772 285 836 quidem
305 759 570 821 concursus
593 760 860 815 transmitit
884 758 1148 825 Episcopus
1169 793 1183 816 ‚
1219 773 1319 809 non
1344 755 1633 807 Processum
1655 750 1854 804 Crimi—

83 840 252 894 nalem
276 872 290 894 ‚
315 832 449 900 quod
470 846 693 897 repertus
720 848 818 882 non
846 828 992 883 fuerit
1016 867 1029 880 .
1050 830 1329 882 Decretum
1352 836 1523 881 tamen
1546 825 1747 875 exhibet
1767 820 1856 868 Sa-

84 910 262 962 cerdos
282 906 497 958 Matano
523 939 538 964 ,
575 917 675 964 quo
700 899 963 965 Episcopus
985 903 1259 966 acceptabat
1277 899 1681 949 renunciationem
1702 890 1858 941 Paro-

83 979 256 1031 chialis
280 973 416 1024 illius
458 972 684 1023 Ecclefiae
724 973 893 1025 Fontis
937 971 1135 1022 Radinae
1171 1003 1186 1025 ,
1222 984 1369 1033 quam
1408 962 1600 1017 fecerat
1643 962 1749 1014 Leo
1789 957 1850 1007 de

80 1047 310 1101 Martino
329 1077 343 1098 ‚
369 1039 555 1113 inflifta
578 1055 748 1093 tamen
773 1059 915 1104 poena
928 1056 1012 1108 pro
1028 1056 1168 1092 tanta
1195 1075 1208 1096 ‚
1231 1038 1487 1088 temeraria
1502 1067 1518 1094 ,
1541 1037 1604 1090 όν
1624 1049 1717 1084 uon
1733 1043 1852 1095 pro-

81 1120 196 1167 bata
211 1115 347 1176 causa
369 1114 690 1163 abdicationis
708 1116 839 1162 diffie
862 1114 1104 1163 parochia:
1140 1114 1230 1161 vix
1239 1123 1326 1175 per
1344 1109 1496 1157 decem
1531 1105 1707 1168 menses
1744 1099 1854 1165 pos-

63 1185 191 1254 seffae
216 1222 226 1241 ς
251 1188 314 1242 &
343 1199 440 1234 tam
462 1182 1114 1248 negligenteradministratae
1132 1216 1146 1237 ‚
1186 1194 1244 1230 ut
1259 1183 1308 1229 in
1323 1173 1560 1239 posterum
1595 1176 1657 1224 ad
1688 1170 1846 1221 Paro-

80 1257 252 1308 chiales
274 1254 497 1315 Eccleſsas
511 1266 597 1318 per
620 1253 884 1317 Concursus
925 1254 1199 1305 obtinendas
1225 1250 1409 1300 omnino
1428 1245 1666 1295 inhabilis
1688 1257 1846 1291 rema-

77 1339 213 1380 neret
233 1362 248 1387 ‚
285 1338 339 1374 ac
377 1324 765 1375 Sacramentales
802 1325 1098 1389 Confeffiones
1133 1340 1224 1372 non
1241 1319 1398 1384 solum
1432 1314 1845 1365 Parochianorum

83 1393 418 1460 Dioecefissed
436 1395 578 1444 etiam
598 1395 729 1443 diffiae
748 1394 992 1445 Parocbice
1014 1394 1175 1443 Fontis
1192 1391 1393 1441 Radinae
1412 1388 1585 1435 audire
1610 1382 1855 1449 nequiret.

21 1464 335 1536 Eieftionem
376 1462 507 1512 suam
552 1460 777 1514 defendit
812 1460 1078 1527 Episcopus
1114 1454 1449 1526 coguitiffima
1485 1451 1859 1507 Constitutione

81 1529 518 1587 SANCTISSIMI
560 1533 829 1587 DOMINI
865 1532 1140 1586 NOSTR1‚
1164 1546 1310 1594 quam
1333 1528 1406 1578 his
1442 1524 1663 1575 derebus
1699 1517 1814 1572 tulit
1840 1533 1854 1569 ε

84 1602 307 1656 Leonem
329 1601 591 1666 praetuliffe
609 1603 678 1657 ait
702 1640 715 1660 ‚
735 1605 868 1668 quod
890 1600 1224 1656 scientiaesset
1246 1594 1509 1649 sufficienti
1539 1627 1552 1650 ‚
1573 1591 1618 1643 8<
1639 1589 1858 1641 Matano

86 1677 325 1737 praestaret
351 1686 522 1729 aetate,
559 1678 763 1725 moribus
785 1709 799 1732 ‚
833 1678 895 1732 &a
932 1675 1179 1725 exercitiis
1214 1671 1270 1719 in
1302 1667 1540 1733 gubernio
1564 1662 1854 1710 Animarum

84 1760 183 1794 tam
217 1742 519 1797 inParochia
542 1748 704 1805 Fontis
723 1748 921 1797 Radinae
943 1781 956 1800 ‚
992 1759 1136 1812 quana
1168 1744 1216 1790 in
1253 1739 1485 1789 Parochia
1508 1735 1692 1797 Casalis
1728 1731 1867 1779 San·⁴

83 1818 144 1865 ἒῖἱ
175 1812 345 1863 Caroli
378 1848 392 1870 ³
429 1831 510 1870 nec
532 1836 623 1868 non
656 1819 1062 1883 approbationibus
1107 1816 1156 1862 in
1187 1811 1301 1860 aliis
1336 1806 1647 1869 Concurstbus
1691 1817 1704 1851 z
1739 1814 1860 1851 cum

85 1901 113 1936 e
132 1895 311 1936 contra
339 1882 549 1939 Matano
569 1886 775 1951 fimplex
795 1888 852 1939 fit
868 1885 1109 1939 Sacerdos
1132 1918 1147 1943 ‚
1170 1879 1213 1929 ἃ
1232 1876 1596 1930 Grammaticae
1617 1869 1862 1927 Ludima-

86 1955 264 2020 gister:
305 1952 494 2006 nuliam
521 1957 799 2009 habendam
822 1957 916 2007 effe
939 1956 1192 2008 rationem
1230 1947 1481 2001 Proceffus
1517 1937 1813 1996 Crimiualis
1834 1978 1853 2004 ‚

89 2024 224 2088 quod
242 2024 334 2089 ipse
355 2025 409 2073 de
430 2027 651 2077 Martino
676 2029 822 2078 verba
843 2028 950 2078 sunt
974 2022 1199 2089 Episcopi
1220 2057 1235 2081 ‚
1265 2021 1328 2068 ad
1343 2017 1601 2069 evitandas
1630 2012 1854 2063 vexatio-

87 2110 167 2144 nes
185 2094 376 2145 exulum
396 2128 409 2150 ‚
449 2097 594 2160 vulgo
636 2096 942 2147 banditorum
971 2131 984 2151 ‚
1025 2114 1094 2147 mc
1126 2091 1480 2141 contradicente
1502 2120 1516 2141 ‚
1546 2082 1854 2135 renunciavit

89 2165 374 2216 Parochiam
397 2166 557 2216 Fontis
573 2167 772 2215 Radinae
794 2204 810 2226 ,
853 2171 914 2224 &e
934 2170 995 2215 ad
1017 2166 1161 2230 ipsum
1182 2159 1558 2220 mortificandum
1577 2167 1741 2218 capere
1747 2150 1856 2213 feci

90 2233 463 2298 infirmationem
491 2236 640 2302 super
676 2238 951 2302 quibusdam
991 2232 1277 2284 levitatibus
1301 2263 1314 2283 ‚
1350 2241 1405 2277 ac
1419 2227 1612 2277 decrevi
1652 2239 1742 2271 non
1757 2235 1865 2268 am-

84 2307 214 2374 plius
234 2304 427 2355 admitti
442 2307 504 2356 ad
520 2308 631 2356 alios
653 2306 910 2373 Concursus
930 2342 945 2357 .
969 2306 1200 2354 Attamen
1222 2335 1235 2349 .
1255 2297 1500 2362 transaffi'is
1519 2294 1751 2357 annissex
1768 2291 1867 2337 cir-

92 2391 164 2428 ter
197 2375 254 2425 ab
293 2392 413 2427 anno
441 2390 587 2440 1745,
622 2378 685 2428 ad
709 2394 856 2446 1751.
876 2412 890 2438 ‚
922 2393 1037 2428 novo
1060 2370 1358 2436 decretofuit
1383 2360 1604 2429 admissus
1629 2395 1644 2420 ,
1680 2363 1742 2415 &0
1780 2369 1870 2422 ap-

89 2447 314 2511 probatus
330 2447 383 2495 in
400 2445 710 2512 Concurstbus
730 2482 744 2495 .

27 2512 302 2567 Concludit
320 2513 530 2572 denique
549 2513 814 2579 Episcopus
832 2542 882 2555 -·-
909 2517 972 2565 Et
988 2517 1103 2581 quia
1117 2510 1330 2575 cognosco
1366 2521 1470 2554 oves
1488 2520 1616 2552 meas
1640 2538 1658 2564 ‚
1693 2502 1743 2549 in
1762 2492 1871 2539 ‘¹7²²‘-

97 2601 219 2635 mam
237 2600 383 2634 meam
405 2615 423 2643 ν
460 2602 600 2649 quam
620 2593 670 2634 in
689 2588 777 2635 hac
783 2587 1006 2652 suprema
1025 2597 1164 2633 aetate
1164 2583 1305 2645 spero
1331 2576 1533 2625 Domino
1552 2572 1744 2623 reddere
1765 2560 1861 2609 Te·

87 2655 184 2721 stor
199 2654 380 2704 nullum
401 2658 622 2718 aptiorem
642 2655 848 2722 habuiffe
860 2670 954 2721 pree
972 2655 1119 2703 oculis
1141 2655 1190 2701 in
1203 2651 1324 2699 ditia
1342 2644 1670 2712 praeelefflione
1687 2674 1702 2698 2
1719 2647 1862 2703 quam

98 2725 273 2775 ditium
292 2722 558 2774 Parochnm
577 2729 631 2774 de
655 2729 869 2775 Martino
892 2759 906 2773 .
929 2719 1092 2774 Causa
1117 2736 1249 2771 nunc
1268 2715 1563 2781 proponitur
1586 2745 1600 2768 ‚
1621 2713 1669 2761 ὅ(
1691 2709 1866 2759 Sacer-

99 2793 189 2845 dos
207 2791 416 2843 Matano
436 2809 531 2844 non
558 2791 718 2845 solum
741 2792 787 2845 se
807 2791 1089 2844 doffiorem
1105 2827 1120 2849 ‚
1139 2786 1220 2841 sed
1242 2792 1289 2840 in
1303 2785 1420 2851 *aliis
1439 2784 1610 2837 Leone
1633 2777 1865 2843 praestau-

101 2864 286 2914 tiorem
306 2861 427 2913 dicit
443 2866 639 2928 propria
658 2879 924 2916 numerans
941 2861 1120 2914 merita
1142 2878 1153 2913 ε
1197 2872 1316 2910 eum
1343 2869 1472 2904 vero
1495 2845 1737 2915 deprimit
1763 2852 1872 2915 tan}

99 2931 324 2984 Decreto
345 2929 753 2997 Episcopali-anni
780 2950 929 2998 1745.
947 2969 965 2996 ‚
1000 2929 1135 2997 quod
1162 2931 1216 2982 ob
1236 2927 1460 2995 quasdam
1481 2925 1712 2973 levitates
1744 2910 1869 2965 ferri

107 3017 208 3067 non
230 3001 438 3064 potuisse
461 3002 616 3066 dicit,
653 3020 772 3057 cum
795 3008 1012 3068 irrogata
1029 2999 1184 3054 fuerit
1204 2991 1483 3066 graviffima
1520 3005 1666 3056 poena
1690 3020 1706 3045 9
1747 2995 1885 3056 ‘10²3‘

102 3086 199 3149 que
217 3068 476 3126 infamiam
513 3071 738 3126 inureret
754 3109 769 3133 ‚
812 3090 962 3139 quam
1003 3067 1436 3123 testificationibus
1456 3055 1753 3126 quibusdam
1781 3091 1798 3116 ,
1820 3064 1873 3126 ¹.¹¹

103 3141 279 3208 quibus
297 3137 439 3204 plura
459 3140 693 3197 adversus
713 3160 830 3196 eum
852 3144 1005 3193 etiam
1046 3142 1093 3193 in
1115 3137 1554 3191 administratione
1572 3129 1721 3180 Curae
1738 3124 1868 3175 Am-

100 3225 305 3265 marum
338 3209 816 3267 obiiciuntur.Haec
835 3210 1079 3266 Sacerdos
1101 3210 1347 3263 Matano:
1379 3220 1407 3255 a
1439 3202 1670 3256 Parocho
1708 3193 1877 3246 Leone

33 3350 37 3353 Ι
102 3280 221 3332 nihil
243 3278 507 3336 habuimus
526 3318 542 3334 .
561 3282 788 3336 Dubium
806 3284 872 3335 est
895 3321 911 3336 .

36 3351 127 3403 An
146 3350 310 3417 constet
335 3351 391 3404 de
409 3353 536 3403 mala
556 3356 784 3407 relatione
813 3357 1210 3406 Examinatorum
1229 3382 1248 3408 ,
1283 3339 1727 3416 praeelettione‚seu
1747 3335 1882 3382 '‘Wa-

102 3422 523 3554 tionabilgudicto
541 3425 756 3492 Episcopi
774 3457 790 3480 2
812 3428 950 3476 itaut
973 3420 1198 3478 Paraecia
1207 3419 1273 3484 stt
1290 3415 1606 3483 adjudicanda
1649 3402 1882 3471 Paschali

101 3508 157 3543 m
174 3508 228 3539 ca
250 3508 282 3540 u
356 3507 405 3545 c.

171 3558 341 3614 Dilata
358 3566 420 3620 ad
440 3565 732 3636 sequentem
749 3597 768 3617 ··
1797 3608 1898 3662 Die
