2571 3961
206 180 209 181 r
1953 148 2010 187 25

58 199 329 249 Patronatus
356 195 667 261 Praepositurae
694 197 739 244 in
759 196 994 245 secundam
1023 191 1314 259 Dignitatem
1332 191 1558 256 erigendae
1579 230 1591 248 ,
1626 195 1668 241 δι
1700 206 1900 258 quatuor
1917 196 2013 243 Ca-

61 262 351 312 nonicatuum
369 262 583 315 ‚censent
603 264 690 309 hoc
716 261 818 308 casu
841 260 985 308 iidem
1003 257 1199 305 Ministri
1219 291 1249 312 „
1282 256 1581 305 collationem
1610 257 1899 318 regulandam
1927 257 2013 304 esse

63 357 97 382 „
126 327 178 372 ad
198 326 402 372 tramites
436 325 812 393 Apostolicarum
829 323 1224 370 Constitutionum
1243 355 1256 374 ‚
1293 322 1334 368 &
1358 318 1641 380 Regularum
1677 319 1978 368 Cancellariae
1998 356 2012 374 ,

65 423 97 444 2,
131 403 277 449 neque
298 387 503 435 assentiri
529 387 702 450 possunt
732 387 882 449 primo
901 387 1030 433 Voto
1051 387 1159 433 clar.
1186 399 1320 431 mem.
1351 382 1610 429 Cardinalis
1644 381 1787 428 Bichii
1807 417 1821 434 ,
1859 383 1906 430 in
1924 399 2014 445 quo

67 486 99 506 ‚‚
135 452 305 512 legitur
321 451 633 498 Canonicatus
651 452 888 512 erigendos
906 447 993 495 effe
1010 448 1063 494 de
1090 446 1230 493 libera
1263 445 1516 493 collatione
1539 445 1774 492 Ordinarii
1794 445 1842 490 in
1873 446 2015 505 prima

68 549 99 568 „
136 513 426 561 institutione
447 548 462 566 ‚
495 515 538 562 &
556 514 728 561 deinde
758 513 846 560 five
868 512 1000 559 Sedis
1023 507 1298 572 Apostolicae
1316 542 1331 560 ,
1364 506 1453 553 slve
1485 507 1720 555 Ordinarii
1742 506 1867 561 iuxta
1891 520 2014 554 tem-

64 611 100 631 ,‚
131 592 240 637 pora
256 576 449 626 illorum
474 577 768 626 vacationum
783 594 798 620 a
834 589 936 621 nam
953 572 1271 619 Canonicatus
1288 607 1298 626 ‚
1331 583 1586 631 exteraque
1605 569 1829 617 Beneficia
1849 569 2016 617 Eccle-

66 671 98 693 υ
131 639 301 686 fiastica
320 674 335 692 ,
365 656 559 704 quorum
577 640 743 687 crestio
760 655 784 685 a
803 633 1026 684 Pontifice
1046 631 1259 694 expletur
1277 667 1290 685 ,
1320 644 1551 692 tamquam
1570 646 1781 679 vacantes
1799 666 1812 683 ,
1837 644 1886 679 ut
1913 632 2014 678 No·-

66 736 98 756 ,.
133 701 285 748 strates
309 704 562 766 loquuntur
584 737 598 755 ,
633 719 658 750 a
682 701 903 763 primaeva
939 711 1103 744 eorum
1139 693 1399 747 erectione,
1434 695 1668 741 censentur
1692 710 1855 743 vacare
1893 695 2014 757 apud

66 797 98 819 2,
133 763 290 816 Sedem
308 800 323 819 ,
359 766 640 827 proindeque
663 778 752 810 non
772 762 828 808 ab
863 759 966 807 aliis
992 761 1150 812 decet,
1184 772 1320 820 quam
1351 758 1409 804 ab
1428 756 1614 820 ipsomet
1635 757 1854 805 Pontifice
1872 760 2015 820 prima

68 862 101 882 2,
134 829 236 877 vice
257 828 312 875 de
329 828 422 877 illis
441 829 581 876 libere
599 856 614 873 .
1898 876 1901 880 ¹

6 890 200 940 Addunt
219 891 360 939 iidem
378 887 578 938 Ministri
599 924 632 943 ‚‚
669 886 928 951 Eademque
947 887 1130 934 ratione
1145 918 1160 937 ,
1189 883 1307 947 quod
1325 884 1581 932 Sacerdotia
1603 883 1791 947 praefata
1812 900 1835 930 a
1854 883 2012 930 Ponti-

71 990 103 1013 „
137 955 219 1002 ftce
239 954 451 1015 erigenda
475 952 765 1001 censerentur
781 968 807 999 a
825 953 1047 1014 primaeva
1066 949 1288 996 erectione
1312 963 1476 995 vacare
1497 952 1612 1008 apud
1644 948 1797 994 Sedem
1818 983 1830 1000 ‚
1858 961 2015 1007 perne—

70 1053 105 1074 „
139 1014 252 1064 cess'e
273 1015 316 1062 se
352 1014 481 1061 uitut'·
501 1050 515 1068 ,
543 1013 666 1076 quod
686 1013 732 1059 in
751 1016 897 1062 altera
917 1029 1093 1075 quoque
1131 1008 1367 1060 contraria
1398 1009 1633 1073 hypothesi
1652 1046 1667 1063 ,
1692 1025 1777 1071 qua
1803 1010 2015 1056 Eminen-

69 1115 104 1136 „
140 1075 292 1126 tissimi
324 1126 326 1128 ,
359 1087 477 1123 atres
508 1075 846 1125 declaraverint
868 1077 948 1124 illa
965 1075 1163 1122 obnoxia
1197 1073 1286 1130 Juri
1308 1086 1567 1132 patronatus
1585 1073 1737 1120 laicali
1769 1073 1912 1120 adhuc
1933 1087 2015 1119 eo-

1 1190 9 1198 ,
68 1177 105 1197 ,,
135 1153 236 1188 rum
254 1139 444 1186 collatio
459 1139 599 1199 prima
618 1139 721 1188 vice
746 1141 800 1187 ad
817 1137 1092 1186 Pontificem
1127 1136 1340 1199 speetabit
1363 1171 1376 1188 ‚
1404 1137 1482 1196 qui
1501 1147 1621 1183 certe
1643 1151 1732 1183 non
1758 1135 2015 1196 dedignabi-

69 1238 104 1260 „
138 1215 215 1249 tur
233 1199 423 1264 vestigia
444 1201 793 1250 Antecessorum
826 1200 1050 1249 calcando
1067 1201 1122 1246 de
1149 1199 1243 1247 illis
1263 1198 1492 1259 disponere
1513 1214 1605 1246 non
1636 1200 1778 1247 libere
1802 1235 1814 1253 ,
1846 1197 1917 1245 sed
1955 1197 2014 1246 ad

69 1300 106 1320 „
133 1264 431 1312 Patronorum
450 1264 871 1328 praesentationem.
903 1274 1001 1324 Haec
1036 1267 1239 1311 Datariae
1273 1263 1474 1318 Minislri
1505 1277 1695 1324 quorum
1741 1262 2014 1310 sententiam

66 1361 102 1382 „
135 1328 292 1375 lubens
311 1327 358 1375 in
379 1327 583 1390 qualibet
611 1339 743 1391 parte
767 1326 1062 1389 amplectitur
1100 1325 1469 1381 Eminentiffimus
1502 1329 1721 1372 Dominus
1758 1326 2014 1372 cardinalis

64 1423 103 1444 2,
139 1391 345 1438 Columna
367 1394 420 1439 de
455 1394 674 1444 Sciarra,
709 1391 859 1452 quiin
890 1389 1058 1441 unica,
1092 1404 1226 1451 quam
1259 1385 1337 1448 ipsi
1369 1387 1537 1434 habent
1564 1420 1580 1438 ,
1614 1388 1846 1434 dubietate
1882 1386 2016 1448 super

69 1487 103 1508 ,‚
136 1450 369 1500 existentia
382 1467 543 1501 eorum
560 1487 575 1507 ‚
608 1453 689 1518 qui
710 1453 924 1501 laicalem
945 1452 1242 1499 patronatum
1263 1486 1274 1499 ,
1304 1451 1357 1496 de
1377 1465 1466 1512 quo
1484 1448 1635 1511 agitur
1651 1485 1664 1503 ‚
1692 1451 1791 1508 jure
1807 1449 1890 1496 fibi
1909 1450 2017 1497 vin-

69 1550 102 1570 „
135 1515 288 1564 dicare
317 1516 503 1565 valeant
528 1552 542 1571 ,
579 1534 673 1565 rem
693 1519 878 1579 expedit
902 1518 973 1564 his
996 1515 1155 1563 verbis
1176 1548 1190 1561 .
1230 1513 1390 1560 Verius
1408 1514 1589 1560 videtur
1618 1514 1748 1561 Pium
1779 1512 2019 1559 Fundam-

68 1612 102 1631 2,
134 1593 231 1626 rem
247 1579 498 1626 literaliter
516 1577 724 1626 invitasse
742 1577 796 1622 ad
818 1579 984 1626 diCtum
1010 1577 1309 1625 patronatum
1327 1575 1466 1624 etiam
1494 1573 1615 1622 filios
1638 1611 1652 1629 ‚
1690 1578 1729 1623 δι
1749 1575 2018 1634 descenden-

68 1675 102 1694 „
136 1653 202 1688 tes
223 1657 247 1687 a
270 1638 446 1688 filiabus
463 1642 644 1689 suorum
673 1639 898 1689 haeredum
920 1676 936 1695 ,
969 1657 1072 1690 cum
1104 1639 1420 1687 substitutione
1459 1638 1503 1684 in
1525 1653 1681 1686 eorum
1715 1637 1935 1686 defectum
1964 1638 2018 1683 ad

68 1738 103 1757 2,
134 1702 257 1750 filios
288 1702 505 1752 masculos
527 1703 842 1752 descendentes
864 1720 888 1752 a
923 1705 1099 1761 Juditta
1130 1702 1286 1750 sorore
1307 1737 1320 1756 ,
1353 1718 1378 1749 a
1415 1700 1634 1749 Gabriele
1663 1713 1828 1762 nepote
1848 1699 2023 1753 ,'&⁴ab

68 1799 108 1820 ‚‚
139 1765 338 1814 Ofiavio.
351 1776 569 1829 germano
588 1766 729 1814 fratre
750 1785 763 1811 ε
797 1766 934 1815 Unde
953 1767 999 1813 in
1029 1764 1131 1813 casu
1154 1765 1340 1813 minime
1358 1762 1505 1810 deess'e
1526 1766 1737 1813 videntur
1773 1765 1920 1824 plures
1940 1764 2024 1810 de-

68 1855 104 1882 -„
138 1827 396 1877 scendentes
420 1845 445 1876 a
466 1829 665 1878 foeminis
681 1865 694 1884 ,
732 1829 814 1893 qui
835 1832 905 1887 jus
936 1830 1059 1877 suum
1083 1843 1108 1874 a
1135 1827 1287 1875 nitida
1309 1826 1642 1874 testamentaria
1661 1829 1904 1876 vocatione
1923 1842 2023 1873 me·-

69 1925 103 1946 ‚,
138 1890 310 1940 tientes
329 1892 493 1953 poflint
511 1892 649 1941 etiam
668 1893 788 1940 dieto
803 1893 908 1948 Jure
929 1892 1198 1939 Patronatus
1219 1891 1351 1953 potiri
1381 1925 1394 1943 ,
1430 1890 1471 1936 δὲ
1489 1891 1540 1944 ad
1560 1891 1815 1952 legitimum
1834 1890 2022 1939 exerci-

68 1988 103 2009 ‚,
138 1954 252 2002 tium
269 1956 488 2003 deducere
506 1991 570 2009 ,‚.
608 1956 721 2004 Duo
738 1967 914 2004 tantum
946 1954 1309 2014 Jnrisprudentiae
1343 1952 1804 2001 Eminentissimorum
1837 1954 2026 2000 Patrum

68 2015 329 2078 relinquere
347 2019 496 2066 voluit
513 2015 770 2068 definienda
788 2019 912 2066 idem
934 2017 1319 2066 Eminentiffimus
1336 2016 1565 2063 Dominus
1591 2014 1851 2064 Cardinalis
1870 2033 1882 2060 =
1922 2015 2025 2061 Pri-

70 2094 195 2127 mum
216 2080 307 2134 est,
342 2096 398 2128 an
435 2083 556 2129 inter
587 2082 665 2128 hos
684 2082 1002 2131 descendentes
1039 2094 1305 2128 concurrere
1334 2080 1461 2140 potiit
1494 2078 1550 2125 ad
1573 2079 1867 2126 patronatum
1885 2077 2027 2124 etiam

73 2142 304 2191 Nicotaus
324 2144 620 2208 fortiguerra
637 2148 718 2209 qui
735 2162 827 2207 per
847 2146 1018 2206 duplex
1051 2148 1240 2192 medium
1254 2145 1534 2202 foemininum
1555 2157 1580 2187 a
1598 2140 1834 2190 Testatore
1849 2140 2027 2188 descen-

71 2207 136 2252 dit
155 2224 168 2251 z
204 2207 422 2254 Alterum
455 2208 518 2256 est
535 2244 549 2261 ,
584 2223 644 2254 an
668 2207 776 2256 fides
805 2206 1135 2267 Baptismatum
1166 2223 1191 2249 a
1211 2205 1368 2254 Libris
1407 2205 1660 2252 Binchernae
1683 2205 1919 2265 desumptae
1937 2203 2026 2250 de«-

71 2267 380 2316 scendentiam
398 2274 588 2332 probare
609 2274 801 2319 valeant
820 2302 846 2317 ..
867 2268 1070 2328 impletis
1093 2269 1236 2330 igitur
1255 2267 1467 2316 omnibus
1487 2302 1500 2320 ,
1536 2283 1630 2328 quae
1651 2268 1709 2314 ab
1725 2266 2026 2315 Eminentissi-

72 2332 160 2379 mis
181 2333 392 2381 Patribus
410 2335 622 2381 mandata
641 2334 825 2382 fuerunt
847 2367 863 2386 ,
894 2332 1014 2378 idem
1036 2330 1250 2379 Dubium
1270 2346 1390 2379 nunc
1415 2331 1740 2392 reproponitui·
1756 2363 1769 2377 .

8 2396 90 2442 ‘An
106 2429 120 2450 ‚
153 2401 212 2446 Θ
230 2398 517 2459 quomodofic
538 2400 830 2447 recedendaem
854 2412 880 2442 a
916 2395 1068 2453 decisis
1090 2400 1136 2447 in
1159 2396 1260 2456 casn
1282 2401 1387 2446 &c-

138 2522 464 2572 Recedendum
485 2540 509 2571 a
539 2525 691 2575 decifis
718 2527 850 2585 juxta
872 2541 1034 2576 votum
1054 2522 1397 2572 Eminentiffimi
1415 2523 1656 2572 Relatoris
1676 2557 1689 2571 .

162 2649 479 2701 SCULANA
512 2651 951 2702 BENEPLACITI
989 2648 1388 2700 APOSTOLiffl
1410 2688 1420 2699 .
1457 2650 1609 2697 Muris
1638 2647 1843 2696 Ecclefiae
1882 2649 2027 2696 Paro-

186 2713 353 2762 chialis
375 2713 518 2763 villae
534 2715 717 2765 Rosarae
736 2715 978 2763 Asculance
1011 2712 1276 2762 Dioeceseos
1293 2713 1550 2760 adhaerebat
1575 2713 1777 2759 hortulus
1796 2746 1810 2764 ,
1845 2711 1922 2775 qui
1940 2711 2028 2758 ust—

75 2775 158 2843 ltus
181 2774 373 2826 Parochi
401 2778 647 2826 destinatus
665 2781 718 2825 ad
752 2777 995 2825 Ecclesiam
1018 2778 1157 2837 ipsam
1195 2775 1419 2837 spectabat
1443 2814 1452 2824 .
1490 2776 1614 2822 Huic
1650 2775 1837 2821 hortulo
1858 2811 1871 2830 ‚
1912 2773 2028 2823 facta

73 2850 198 2906 intes}
213 2840 467 2889 Paroch-um
485 2878 499 2894 ,
544 2839 584 2888 δι’
605 2843 810 2889 homines
833 2841 965 2888 Villae
996 2838 1302 2886 conventione
1323 2873 1336 2891 ,
1363 2839 1625 2901 impositum
1658 2838 1745 2885 fuit
1779 2838 1839 2884 ab
1869 2837 2026 2885 iisdem

71 2898 328 2968 hominibus
350 2902 588 2962 aedificium
607 2906 780 2953 duobus
798 2904 1001 2965 partibus
1020 2902 1223 2950 constans
1242 2936 1256 2954 ‚
1283 2915 1333 2948 ut
1354 2902 1497 2963 liquet
1517 2917 1573 2947 ex
1591 2904 1881 2948 monimento
1896 2901 2027 2956 hujus

73 2975 144 3008 rei
165 2962 332 3025 scripto
350 2983 483 3014 manu
496 2966 684 3015 Parochi
705 3004 718 3022 ,
737 2978 1001 3028 repertoque
1025 2968 1071 3012 in
1093 2962 1223 3011 libris
1243 2964 1569 3026 Baptismatum
1589 2965 1657 3011 his
1675 2965 1830 3011 verbis
1851 2997 1882 3015 ,‚
1898 2979 2027 3024 ¹704·

77 3058 110 3077 2,
146 3024 194 3072 fu
211 3025 323 3073 satta
348 3029 391 3076 la
421 3029 587 3076 fabric-a
609 3031 761 3078 dietro
780 3032 822 3076 la
842 3029 1008 3076 Chiesa
1027 3029 1143 3075 dalle
1166 3026 1452 3089 Compagnie
1478 3043 1564 3075 con
1587 3040 1717 3087 patto
1740 3063 1753 3079 ,
1791 3028 1873 3074 che
1911 3026 2027 3073 sotto

20 3138 23 3141 ,
74 3119 107 3139 2,
139 3090 277 3135 debba
298 3089 462 3140 servire
480 3107 556 3154 per
575 3093 703 3146 loto,
735 3094 820 3139 edi
841 3091 974 3155 sopra
1008 3099 1086 3153 'per
1108 3090 1140 3136 il
1174 3090 1347 3137 Curato
1365 3105 1448 3136 con
1478 3090 1686 3153 pagan-gli
1721 3091 1754 3137 il
1783 3091 1930 3137 Tetto
1951 3121 1966 3141 2
2001 3105 2026 3136 e

74 3181 105 3201 2,
139 3148 230 3197 fate
260 3153 295 3199 il
315 3153 633 3202 bianconatoa
669 3159 771 3204 loro
786 3156 905 3215 spese
927 3190 942 3209 ‚,
977 3156 1158 3216 quando
1179 3152 1218 3199 se
1237 3168 1293 3201 ne
1316 3156 1450 3200 vortit
1470 3154 1668 3206 servire,
1697 3170 1722 3199 e
1745 3153 1868 3200 nello
1901 3150 2027 3198 stess‘o

71 3241 113 3280 2,-
137 3224 291 3277 tempo
307 3231 330 3260 a
354 3217 470 3274 spese
488 3217 604 3264 delle
629 3221 752 3266 dette
785 3217 1063 3279 Compagnie
1082 3216 1129 3263 fu
1149 3218 1330 3265 rialzata
1349 3217 1392 3262 la
1410 3217 1631 3278 muraglia
1653 3250 1682 3269 „
1702 3248 1717 3262 .
1754 3216 1874 3263 Cum
1893 3214 2024 3274 supe·

70 3287 168 3345 1103
184 3290 282 3335 pars
311 3279 440 3336 hujus
466 3279 642 3328 aedificii
660 3283 722 3329 ab
753 3282 908 3328 iisdem
928 3281 1185 3328 hominibus
1202 3282 1479 3328 retineretur
1496 3295 1578 3339 pro
1599 3280 1760 3324 Monte
1803 3279 2022 3324 Frumen-

69 3345 195 3384 tario
217 3373 230 3391 ³
262 3341 491 3390 parochus
526 3342 746 3392 Baldaxar
762 3343 914 3392 Cretti
934 3380 949 3397 ,
981 3358 1106 3390 anno
1126 3356 1259 3403 1750.
1275 3342 1394 3391 edita
1419 3339 1571 3388 eadem
1589 3340 1887 3388 adnotatione
1905 3374 1918 3392 ,
1943 3355 2019 3401 po·

72 3398 259 3469 stulavit
278 3418 429 3452 coram
453 3407 643 3452 vicario
681 3407 903 3455 Generali
928 3405 1089 3453 Asculi
1123 3418 1285 3453 contra
1308 3406 1508 3451 homines
1528 3407 1652 3450 dictae
1683 3404 1820 3450 Villae
1849 3402 2023 3450 reinte-

71 3475 328 3531 grationem
367 3472 418 3514 ad
451 3468 753 3529 possessionem
789 3468 1024 3530 superioris
1058 3470 1197 3528 partis
1228 3463 1654 3525 ejusdem-aedificii,
1674 3481 1865 3529 eamque
1895 3465 2022 3512 obti-

73 3538 206 3578 Πυῐῐ,
244 3526 505 3590 facio-prius
545 3533 599 3576 ab
627 3534 782 3580 eodem
817 3533 1004 3580 Vicario
1027 3528 1436 3578 Generaliacceffu
1472 3529 1526 3573 ad
1551 3529 1732 3582 locum,
1768 3528 2018 3590 auditisque

71 3585 285 3660 Testibus
309 3625 324 3645 ,
353 3593 395 3639 δι
419 3593 641 3656 delineata
667 3611 692 3642 a
730 3596 892 3644 Peritis
921 3594 1128 3641 Charta:
1163 3593 1232 3639 sed
1251 3593 1376 3640 Rota
1409 3591 1735 3639 Macci-atensis
1754 3627 1767 3644 ,
1801 3592 1853 3638 ad
1886 3607 2020 3653 quam

66 3651 270 3700 homines
294 3654 429 3702 Villae
449 3671 849 3714 piovoczweiant*³
877 3656 1051 3719 duplici
1075 3656 1299 3765 senteDntia
1334 3655 1575 3705 revocavit
1595 3655 1828 3705 decretum
1848 3653 2018 3763 Έεειτίἰ

265 3723 548 3767 ΤοπιΧΜΓ.
788 3746 795 3754 x
880 3720 884 3726 ’
1909 3732 1955 3762 e-
