2571 3961
550 167 760 289 cffymas
779 211 930 273 effusa
949 218 1016 270 est
1049 249 1065 275 ,
1102 226 1276 287 rogata
1298 222 1424 272 vero
1454 238 1481 272 a
1504 224 1769 287 matrona,
1802 239 1909 290 quae
1934 228 2049 283 eam
2090 230 2372 293 comitaba-

554 305 637 344 tur
658 325 671 346 ‚
711 305 800 340 cur
816 291 1046 353 ploraret
1067 325 1079 344 ‚
1120 292 1406 352 respondit,
1443 293 1558 355 quia
1586 295 1789 346 nolebat
1825 312 2021 351 entrare
2055 303 2375 376 inMonaste-

553 377 605 413 ro
624 396 637 415 ‚
676 378 701 410 e
722 363 911 426 chesua
939 363 1116 429 Madre
1140 378 1190 408 ce
1209 363 1256 411 la
1272 374 1479 426 portava
1517 378 1544 409 a
1564 366 1709 429 forza
1730 376 1742 412 ε
1781 367 1940 419 audiit
1972 369 2148 423 Mater
2167 409 2182 430 ‚
2223 373 2267 425 8<
2301 379 2372 431 ad

559 433 720 485 filiam
744 433 987 482 conver-la
1008 431 1112 480 ait:
1150 431 1307 497 Figlia
1337 448 1430 483 non
1471 441 1537 482 mc·
1550 438 1878 502 svergognare
1915 440 2075 506 questa
2113 449 2322 498 matrina
2342 482 2358 498 .

559 499 764 555 Audito
799 502 937 551 sacro
981 492 1273 562 priusquam
1306 502 1367 551 acl
1386 500 1749 556 Monasterium
1766 508 2030 561 accederet
2048 543 2065 570 ‚
2100 512 2281 564 Sacerd
2304 533 2364 569 os

555 568 760 634 quidam
789 566 977 621 folium
1021 567 1072 622 ei
1092 570 1284 621 obtulit
1311 604 1326 627 ‚
1357 585 1413 623 ut
1439 570 1566 624 illud
1601 571 1974 642 subscriberet,
2010 582 2091 632 cui
2116 582 2268 636 dixit:
2306 584 2354 636 Io

549 637 672 708 poffo
693 638 827 700 uscir
848 642 900 687 di
921 652 1076 691 nuovo
1095 677 1110 702 ‚
1136 643 1306 706 perche
1323 658 1409 694 con
1426 644 1685 709 questofine
1704 648 1747 696 io
1765 648 1961 699 v’emro
1981 685 1994 699 .
2037 650 2199 704 Duc'ta
2236 653 2358 706 inde

558 706 771 760 adforet
790 709 1092 762 Monasterii
1120 745 1133 768 ‚
1173 710 1218 761 &
1244 728 1270 762 a
1294 709 1613 765 Monialibus
1647 727 1881 779 excepta,
1932 718 2079 771 illico
2111 721 2358 789 religiosis

554 777 774 828 Ordinis
800 778 1009 833 vestibus
1031 779 1208 833 induta
1228 779 1325 831 fuit
1344 816 1359 839 ‚
1396 782 1442 834 ἃ
1463 784 1672 847 stupenti
1695 784 1871 837 similis
1893 786 2086 855 inquit:
2125 791 2226 842 Che
2241 806 2357 855 vuol

557 850 635 898 dir
653 848 842 915 questo?
883 865 1015 901 entro
1028 866 1116 920 per
1134 853 1382 902 educanda
1399 886 1414 913 ,
1439 851 1492 907 ὂ
1511 871 1590 903 ora
1611 858 1677 903 mi
1696 856 1846 907 valete
1864 874 2066 911 mettere
2091 862 2124 910 l’
2145 863 2277 914 abito
2295 869 2357 912 dv

559 918 809 971 Monacaz
847 934 966 969 mox
984 921 1152 987 agnita
1177 916 1352 973 fraude
1373 955 1388 980 ‚
1424 922 1596 987 iraque
1640 923 1837 977 aestuans
1878 927 1929 978 in
1956 941 2214 994 matrem,
2254 932 2359 984 ait:

566 988 633 1037 mi
653 1002 793 1040 avete
813 990 1088 1053 ingannata
1115 1025 1129 1048 ‚
1154 997 1327 1057 perche
1345 994 1410 1044 mi
1428 1006 1569 1044 avete
1587 996 1722 1044 detta
1742 1007 1840 1045 una
1862 999 1962 1062 cosa
1979 1032 1992 1055 ‚
2027 1019 2052 1049 e
2076 1004 2122 1049 κ’
2138 1003 2194 1052 ha
2213 1005 2358 1054 ritro-

559 1070 682 1107 vata
704 1075 772 1108 un
790 1059 917 1109 altra
937 1093 951 1109 .
980 1063 1285 1116 Sermonem
1310 1072 1570 1116 avertente
1601 1072 1794 1122 matre,
1830 1064 1928 1117 alia
1969 1070 2125 1122 verba
2163 1070 2361 1125 addidit

564 1122 768 1185 furens,
805 1126 850 1179 &
887 1138 1025 1198 terga
1045 1129 1199 1185 vertit
1222 1166 1237 1188 ‚
1270 1128 1562 1185 discedente
1579 1144 1759 1191 matre,
1779 1149 1885 1199 quae
1906 1133 2159 1190 Aversam
2184 1140 2356 1195 rediit.

491 1191 622 1248 Rem
652 1213 866 1249 omnem
888 1199 1065 1253 Puella
1086 1200 1273 1254 detulit
1293 1203 1355 1256 ad
1373 1199 1741 1255 confessarium
1764 1240 1781 1264 ‚
1815 1205 1899 1268 qui
1940 1222 2075 1260 nova
2094 1207 2361 1272 deceptio-

560 1280 643 1326 ne,
662 1264 964 1334 fallaciaque
985 1282 1127 1324 utens
1148 1267 1395 1334 suafit,ut
1414 1270 1731 1339 tyrocinium
1750 1272 2026 1337 inciperet,
2075 1294 2193 1330 nam
2230 1280 2362 1331 Pro-

561 1331 785 1389 feffionis
803 1348 1036 1403 tempore
1054 1342 1152 1405 ipse
1175 1358 1289 1395 eam
1304 1341 1603 1396 abducturus
1627 1337 1792 1393 fuiffet
1812 1358 1839 1393 a
1860 1343 2171 1401 Monasterio
2191 1382 2209 1400 .
2249 1347 2363 1404 Hac

559 1403 644 1472 spe
661 1406 981 1474 tyrocinium
1002 1410 1205 1474 incaepit
1223 1450 1240 1474 ‚
1278 1409 1361 1465 sed
1380 1413 1426 1465 8(
1443 1411 1690 1480 Magistrae
1710 1446 1726 1471 ‚
1761 1409 1807 1463 8<
1834 1411 2151 1470 Monialibus
2173 1432 2363 1483 perpe-

558 1490 707 1533 tuum
734 1482 832 1530 hoc
846 1494 1045 1533 carmen
1065 1479 1299 1534 occinuit
1315 1483 1581 1548 deceptam
1605 1480 1746 1534 fuisse
1764 1514 1780 1539 ‚
1815 1482 1861 1534 &
1901 1486 2038 1538 nolle
2060 1486 2360 1543 Monialem

557 1550 657 1602 effe
677 1584 691 1607 ‚
712 1549 757 1602 ἃ
777 1545 1121 1614 desperatione
1140 1551 1305 1615 duffii,
1332 1569 1511 1606 necem
1538 1552 1620 1604 sibi
1641 1550 1725 1615 ipfi
1742 1547 2060 1608 consciviffet
2083 1592 2098 1615 ,
2120 1557 2210 1610 nisi
2236 1575 2361 1623 prae-

557 1620 727 1688 pedita
747 1614 911 1671 fuisset
930 1639 958 1674 a
980 1622 1294 1676 Monialibus
1316 1657 1331 1673 .
1371 1622 1619 1675 Advento
1636 1619 1957 1677 Profeffionis
1983 1638 2358 1692 tempor-emm·

557 1707 682 1744 nem
703 1692 874 1743 movit
898 1694 1119 1757 lapidem
1145 1732 1163 1757 ‚
1201 1703 1258 1745 ut
1280 1690 1663 1745 Confeffarium
1696 1690 1845 1745 illum
1863 1727 1878 1751 ‚
1916 1695 1998 1758 qui
2019 1695 2175 1748 fidem
2195 1697 2354 1748 dede-

556 1772 632 1815 rat
646 1775 759 1811 eam
776 1777 803 1812 a
828 1760 1148 1814 Monasterio
1168 1762 1449 1816 abducendi
1473 1763 1712 1827 reperiret
1729 1795 1745 1822 ,
1782 1759 1866 1815 sed
1912 1762 2088 1816 frustra
2106 1803 2121 1818 .
2161 1766 2354 1831 Rogata

557 1849 586 1886 a
605 1829 812 1881 Vicario
835 1832 1055 1896 generali
1077 1829 1289 1897 sponte,
1329 1848 1392 1885 ne
1412 1868 1426 1888 ,
1461 1849 1523 1885 an
1550 1830 1718 1885 coacta
1753 1832 2110 1896 profiteretur,
2152 1834 2355 1901 respon-

563 1902 641 1954 dit
662 1902 746 1951 che
761 1903 1024 1969 debbofare
1042 1906 1060 1954 ἓ
1079 1899 1212 1956 Cum
1232 1899 1552 1955 Profesfionis
1576 1905 1730 1955 verba
1748 1901 1921 1955 dicere
1938 1904 2166 1960 deberet,
2185 1905 2358 1972 lacry·

557 1971 659 2024 mis
684 1971 727 2021 se
752 1970 895 2025 dedit
916 2011 934 2036 ,
971 1973 1020 2024 δὲ
1043 1971 1262 2037 ploratui
1290 1989 1470 2038 rogans
1491 1972 1745 2024 Moniales
1765 2009 1781 2034 ‚
1821 1983 1875 2024 ut
1894 1972 2005 2038 ipsae
2023 1991 2078 2028 ea
2095 1976 2321 2028 dicerent
2340 2010 2358 2028 .

558 2041 672 2093 Post
685 2039 868 2095 dictam
893 2045 954 2094 ab
976 2041 1072 2094 alia
1097 2041 1317 2095 Moniali
1337 2039 1705 2095 Profeffionem
1739 2039 1869 2094 rebla
1890 2045 2108 2108 perrexit
2130 2045 2189 2096 ad
2209 2045 2359 2101 Con-

558 2109 810 2165 feffarium
838 2147 852 2171 ‚
890 2111 1037 2178 eique
1058 2128 1168 2170 rem
1191 2128 1410 2166 omnem
1427 2112 1651 2178 aperuit,
1692 2114 1963 2177 protestans
2001 2115 2060 2165 de
2083 2117 2318 2168 nullitate
2339 2150 2357 2167 .

559 2181 617 2234 Id
637 2178 798 2244 ipsum
836 2181 940 2246 egit
966 2198 1085 2238 cum
1124 2180 1443 2235 Monialibus
1480 2197 1668 2247 negans
1707 2179 1917 2233 emififfe
1953 2180 2357 2244 professionem,

565 2250 743 2315 quaesta
762 2245 955 2313 semper
978 2250 1041 2301 de
1062 2251 1148 2313 vi,
1188 2253 1238 2303 ὃ(
1261 2251 1384 2302 dolo
1404 2284 1420 2305 2
1455 2249 1666 2303 Ordinis
1688 2251 1872 2318 regulis
1905 2265 2145 2317 perpetuo
2184 2255 2356 2307 inobe-

563 2318 704 2370 diens
722 2351 738 2375 ‚
774 2319 825 2369 Sc
840 2318 1009 2371 officia
1026 2315 1256 2370 recusans
1277 2319 1467 2371 :Vario
1488 2336 1689 2386 quoque
1711 2338 1736 2372 a
1756 2320 2074 2376 Monialibus
2107 2323 2266 2377 modo
2285 2327 2356 2376 in·

559 2384 701 2442 ceffit
721 2386 897 2441 induta
923 2421 939 2444 ‚
975 2390 1024 2440 &
1045 2385 1182 2440 ferro
1202 2389 1291 2441 fibi
1335 2401 1567 2441 mortem
1608 2390 1801 2440 iterum
1829 2392 2104 2455 intulisset,
2144 2394 2233 2445 nisi
2264 2393 2358 2443 de-

559 2468 703 2511 tenta
743 2452 941 2511 fuisset.
975 2456 1164 2510 Turbae
1198 2469 1345 2510 erant
1380 2459 1429 2510 in
1470 2474 1533 2509 eo
1552 2457 1866 2511 Monasterio
1887 2473 2135 2525 perpetuae
2157 2500 2172 2527 ‚
2211 2462 2275 2513 ita
2299 2472 2356 2513 ut

559 2528 778 2596 prudens
815 2526 1018 2595 quidam
1056 2524 1398 2582 Confeffarius
1438 2527 1584 2581 datus
1621 2543 1711 2592 pro
1747 2528 2003 2594 explendis
2023 2528 2354 2597 spiritualibus

562 2598 815 2652 exercitiis
853 2594 1128 2651 disceffcrit
1158 2611 1271 2652 ante
1310 2611 1543 2664 tempus.
1580 2596 1878 2663 Antequam
1918 2600 2170 2655 laberetur
2204 2602 2356 2671 quin-

564 2670 844 2736 quennium
870 2703 885 2725 2
928 2669 1187 2735 querelam
1214 2669 1462 2721 nullitatis
1495 2668 1681 2721 obtulit
1701 2667 1911 2722 Nolano
1951 2672 2195 2738 Episcopo
2215 2707 2230 2732 ‚
2267 2670 2354 2738 qui

563 2738 690 2791 alios
710 2737 834 2789 duos
852 2738 1126 2804 Regulares
1146 2739 1281 2792 misit
1318 2740 1381 2793 ad
1404 2738 1770 2792 Monasterium
1788 2773 1803 2799 ,
1845 2751 1899 2792 ut
1917 2757 2031 2793 eam
2065 2742 2124 2793 ad
2146 2744 2242 2794 rati
2265 2742 2352 2793 ha-

564 2807 788 2861 bendam
809 2806 1176 2862 professionem
1200 2813 1531 2863 hortarentur
1547 2845 1564 2869 ‚
1585 2806 1668 2859 sed
1688 2818 1869 2861 neuter
1892 2811 2160 2876 quicquam
2184 2807 2354 2877 profe-

564 2878 637 2931 cit
660 2913 676 2928 .
716 2877 1057 2932 Territainde
1095 2881 1243 2933 novis
1265 2878 1417 2933 minis
1441 2890 1619 2946 apatte
1641 2914 1656 2938 ,
1695 2874 1914 2935 &fratre
1950 2882 2175 2946 paullum
2214 2881 2352 2944 quie-

563 2949 673 3002 vit;
713 2948 925 3001 demum
946 2964 1116 3013 preces
1134 2950 1321 3003 obtulit
1357 2946 1696 3002 Sacratiffimo
1715 2948 1932 3016 Principi
1970 2953 2132 3002 nostro
2151 2985 2163 3007 ‚
2200 2965 2227 3000 a
2249 2965 2349 3014 quo

565 3016 722 3068 totius
739 3014 906 3069 Causae
923 3019 1153 3085 cognitio
1191 3017 1531 3085 Ampliffimis
1570 3018 1800 3072 Patribus
1834 3020 1947 3073 data
1978 3016 2102 3069 fuit.
2147 3018 2228 3070 Ab
2253 3022 2349 3071 hoc

563 3086 717 3138 Sacro
736 3085 1000 3139 Tribunali
1020 3088 1256 3141 mandata
1277 3088 1372 3142 fnit
1391 3087 1633 3154 Episcopo
1655 3087 1860 3142 Nolano
1883 3085 2155 3148 iuristiiftio
2189 3089 2350 3141 confl-

563 3153 733 3207 ciendi
759 3158 1044 3217 processum
1075 3192 1090 3214 2
1111 3162 1161 3210 in
1188 3176 1288 3225 quo
1307 3157 1413 3212 sunt
1437 3158 1807 3212 testificationes
1829 3156 1993 3222 plures
2015 3157 2347 3218 Monialium,

565 3219 1008 3277 Confeffariorum
1042 3260 1056 3282 ,
1093 3227 1419 3295 aliorumque
1452 3264 1467 3289 ‚
1517 3239 1665 3291 atque
1704 3226 1851 3290 ipfius
1886 3226 2128 3278 Monialis
2164 3227 2346 3280 Mariae

565 3295 807 3370 Antoniae
827 3310 1037 3347 examen
1055 3332 1071 3358 ,
1109 3311 1136 3346 e
1157 3300 1335 3362 quibus
1351 3315 1409 3351 ea
1427 3296 1718 3362 excepimus
1738 3328 1751 3351 ‚
1786 3312 1892 3362 quae
1928 3295 2157 3349 hactenus
2182 3312 2348 3348 narra-

565 3376 733 3415 vimus
752 3399 767 3414 .

498 3428 766 3495 Episcopus
785 3433 934 3487 refert
958 3436 1262 3488 Sacerdotem
1283 3437 1562 3502 Prvsperum
1584 3436 1743 3502 Cappe
1753 3437 1865 3486 llam
1890 3437 2088 3502 ejusdem
2106 3437 2344 3485 Monialis

561 3517 843 3565 germanum
852 3507 1064 3568 fratrem
1088 3510 1151 3557 ad
1168 3512 1541 3559 exonerationem
1547 3509 1651 3571 suae
1673 3507 1966 3570 conscientiae
1998 3508 2345 3571 extrajudicia-

571 3570 689 3637 liter
714 3571 808 3635 fibi
830 3572 1003 3640 fassum
1018 3574 1165 3644 futffe
1200 3579 1478 3629 antedi‘ci‘am
1502 3579 1813 3645 ejussbrorem
1832 3594 1919 3628 non
1938 3576 2209 3627 voluntarie
2230 3613 2246 3637 ‚
2280 3576 2343 3629 ὠ

2226 3657 2343 3711 pro-
