2571 3961
731 187 786 234 18

698 248 914 302 minario
936 248 1051 300 dare
1071 288 1086 311 ς
1125 265 1286 312 eoque
1304 248 1519 311 amplius
1543 286 1560 310 ‚
1598 247 1734 313 quod
1756 246 1799 299 ὃ(
1824 248 1923 313 ipse
1944 286 1959 308 ,
1998 251 2043 304 ἃ
2069 250 2169 306 duo
2187 260 2496 311 anteceden-

698 331 770 370 tes
788 318 1029 376 parochi,
1058 319 1343 380 inquorum
1367 316 1611 370 Parochia
1629 317 1728 369 fitae
1753 331 1896 370 erant
1917 321 2234 375 coudufi'titiae
2254 331 2379 380 ardes
2405 371 2419 390 ,
2445 333 2491 382 in

692 391 786 439 hac
805 383 1263 452 poffessioueeffent
1297 388 1565 438 exercendi
1585 385 1695 448 jura
1718 385 2034 440 parochialia
2079 391 2127 442 in
2172 394 2456 451 Seniinario
2480 420 2492 454 :

687 471 851 523 neque
872 459 1030 507 ullam
1057 471 1081 504 a
1106 453 1318 505 Reftore
1344 454 1581 508 vim'fieri
1600 456 1800 519 possein
1822 459 2104 526 privilegiis
2127 475 2144 516 ,ς
2172 478 2288 513 cum
2312 465 2490 521 Literae

684 525 992 591 Apostolicae
1014 539 1074 574 ne
1095 540 1253 575 unum
1275 525 1484 588 quidem
1509 528 1718 579 verbum
1741 528 1954 579 habeant
1972 529 2033 578 de
2057 532 2382 594 exemptione
2403 573 2417 593 ,
2440 539 2489 592 8(

685 594 1015 647 confirmatio
1042 596 1344 647 statutorum
1367 630 1381 652 ‚
1418 612 1535 647 cum
1565 597 1694 647 sitin
1718 592 1883 648 forma
1920 605 2188 657 communi,
2225 619 2325 653 non
2367 600 2488 658 vero

669 663 898 733 specifica
915 665 1040 715 trahi
1064 678 1164 715 non
1186 662 1331 727 poffit
1351 665 1410 717 ad
1431 665 1808 730 exemptionem
1826 683 1852 717 a
1866 667 2063 730 juribus
2087 670 2489 739 Parochialibus‚

687 749 839 797 quam
876 735 1115 785 Summus
1155 731 1380 785 Pontifex
1415 734 1670 801 ignoravit
1698 770 1714 787 .
1749 736 2015 787 Unionem
2059 755 2181 790 vero
2217 742 2486 796 Seminarii

686 803 1089 869 Congregationi
1119 804 1320 854 Piorum
1343 807 1822 871 Operariorumcum
1850 824 1951 858 non
1974 808 2323 877 sitsubjet‘iiva
2343 849 2357 869 ,
2391 812 2479 869 sed

697 873 1130 939 aequeprincipalis
1152 872 1276 923 nihil
1297 880 1497 925 mutare
1520 874 1783 938 dejuribus
1808 909 1822 933 ‚
1855 877 1899 928 &t
1922 879 2041 928 statu
2070 878 2328 945 [utriusque
2345 884 2446 936 loci
2469 918 2487 942 ,

688 942 1076 1008 &personarum
1097 944 1580 1010 aequkprincipaliter
1606 946 1874 994 unitorum
1901 962 1916 1002 ;
1956 945 2086 1000 salva
2105 947 2266 1015 igitur
2285 987 2299 1008 ‚
2330 965 2481 1017 atque

683 1012 882 1076 integra
904 1014 1091 1062 debere
1124 1012 1222 1065 effe
1255 1011 1420 1065 Priori
1453 1016 1569 1070 Jura
1604 1012 1915 1066 Parochialia
1935 1015 1984 1065 in
2007 1016 2292 1071 Seminario
2313 1056 2326 1078 ,
2355 1039 2482 1076 cum

681 1077 957 1146 praesertim
977 1080 1112 1132 nulla
1132 1083 1189 1135 sit
1210 1080 1348 1137 causa
1368 1120 1383 1141 ‚
1420 1090 1486 1135 ob
1508 1099 1657 1148 quam
1686 1085 1772 1134 has
1807 1085 2152 1150 exemptiones
2190 1092 2478 1144 concedere

680 1148 916 1203 debuerit
936 1147 1201 1216 Episcopus
1223 1188 1237 1211 ,
1275 1168 1395 1218 quas
1419 1156 1558 1205 enim
1580 1150 1676 1218 ipse
1698 1156 1938 1219 proponit
1973 1155 2025 1205 in
2056 1157 2263 1220 epistola
2301 1163 2380 1212 sua
2416 1161 2478 1213 ad

679 1223 779 1272 hoc
802 1221 1006 1272 Sacrum
1028 1220 1276 1275 Tribunal
1298 1219 1658 1276 insubfistentes
1674 1223 1801 1278 effe,
1839 1225 1890 1276 &
1912 1227 2130 1287 ineptas:
2167 1227 2288 1278 Haec
2333 1231 2479 1282 Prior

679 1288 986 1343 Parochialis
1006 1290 1054 1342 S.
1073 1290 1211 1344 Petri
1234 1293 1284 1343 in
1315 1292 1402 1344 suo
1420 1293 1602 1347 libello
1621 1330 1636 1346 .
1668 1291 1856 1345 Rector
1876 1308 2059 1357 contra
2082 1294 2227 1347 silere
2261 1298 2385 1361 juris
2401 1298 2480 1350 di-

678 1356 1005 1424 spofitionem
1026 1392 1045 1421 ‚
1077 1378 1181 1426 quae
1202 1362 1436 1415 Parochis
1453 1363 1590 1417 favet
1614 1399 1630 1422 ‚
1660 1365 1744 1415 ubi
1783 1368 1977 1417 constat
2013 1365 2077 1416 de
2111 1368 2464 1432 exemptione:

677 1431 744 1482 de
780 1434 876 1482 hac
907 1433 1132 1483 constare
1168 1448 1227 1483 ex
1265 1434 1457 1487 statutis
1476 1433 1699 1486 conditis
1723 1435 1772 1484 in
1795 1433 1974 1486 limine
1995 1431 2344 1489 fundationis:
2389 1453 2480 1488 ne·-

678 1515 775 1565 que
789 1498 922 1565 posse
938 1499 1183 1568 Episcopo
1200 1502 1443 1569 denegari
1460 1509 1587 1557 hanc
1603 1505 1898 1560 potestatem
1917 1505 2172 1556 eximendi
2214 1507 2318 1557 five
2344 1520 2476 1560 tam-

680 1585 833 1634 quam
850 1567 1098 1636 Episcopo
1119 1606 1134 1630 ,
1165 1572 1266 1623 five
1288 1583 1551 1639 tamquam
1588 1573 1873 1628 fundatori:
1914 1575 1975 1627 Et
2011 1575 2216 1638 quidem
2257 1579 2332 1628 uti
2366 1577 2482 1641 Epi-

678 1637 833 1701 scopo
852 1677 868 1703 ,
896 1656 1015 1692 cum
1037 1657 1112 1693 res
1128 1657 1228 1692 non
1244 1642 1361 1695 effet
1378 1644 1442 1696 de
1460 1649 1572 1708 jure
1592 1644 1821 1710 quaefito,
1856 1638 1936 1694 led
1979 1642 2041 1694 de
2065 1643 2180 1707 jnre
2206 1646 2478 1719 quaerendo

678 1711 740 1761 ab
760 1709 982 1762 Ecclesia
1001 1711 1314 1765 parochiali:
1358 1715 1446 1767 Uti
1477 1712 1769 1774 fundatori,
1809 1715 1927 1780 quia
1964 1712 2369 1778 cognitiffimum
2405 1718 2477 1767 est

676 1779 838 1831 licere
868 1777 1221 1833 fundatoribus
1254 1782 1427 1850 leges,
1461 1786 1512 1837 ὃς
1546 1785 1866 1838 conditiones
1903 1798 2152 1847 apponere
2188 1786 2347 1836 etiam
2373 1785 2478 1850 juri

678 1852 977 1906 contrarias;
1009 1866 1172 1916 eoque
1211 1853 1465 1919 amplius,
1501 1856 1637 1919 quod
1673 1852 1799 1905 nihil
1838 1854 1958 1905 novi
1993 1848 2178 1905 fanum
2220 1851 2376 1906 fuerit
2417 1856 2479 1904 ab

676 1918 956 1983 Episcopo,
995 1937 1117 1972 cum
1136 1920 1184 1971 in
1201 1919 1496 1987 Hispaniis,
1517 1925 1563 1977 &
1584 1921 1860 1989 praesertim
1878 1924 1931 1974 in
1958 1920 2180 1974 Dioecefi
2205 1923 2479 1986 Toletana,

676 1999 827 2054 atque
843 1987 1100 2041 Oriolenfi
1118 2027 1135 2053 ‚
1173 1993 1256 2042 ubi
1277 1994 1554 2049 seminaria
1575 1996 1712 2047 unita
1754 1990 1866 2045 sunt
1894 1992 2222 2055 Regularium
2261 1993 2498 2046 Ordini-v

675 2061 798 2117 bus,
828 2070 914 2111 aut
930 2056 1876 2132 Congregationibus'Presbyterorum
1900 2097 1915 2119 ,
1949 2077 2057 2125 quae
2076 2063 2344 2130 privilegia
2384 2063 2478 2113 Re-

674 2126 926 2193 gularium
944 2132 1133 2182 habent
1149 2166 1163 2187 ‚
1195 2131 1262 2182 ita
1282 2130 1548 2188 lervetum
1581 2149 1894 2196 omnemque
1914 2130 2292 2185 dubitationem
2316 2132 2475 2184 adimi

674 2212 733 2248 ex
749 2199 1143 2249 confirmatione
1168 2200 1459 2263 Apostolica
1482 2239 1497 2262 ,
1533 2220 1641 2269 quae
1663 2203 1855 2255 ueceffe
1887 2215 1987 2251 non
2030 2198 2184 2253 fuerit
2206 2237 2221 2260 ‚
2259 2217 2314 2257 ut
2354 2201 2474 2254 effet

676 2267 1132 2332 informaspecifica
1156 2303 1172 2325 ‚
1212 2286 1331 2324 cum
1367 2269 1487 2326 satis
1516 2273 1573 2324 fit
1597 2269 1860 2324 summum
1880 2269 2186 2323 Pontificem
2225 2271 2472 2324 unionem

674 2335 896 2401 expreffe
913 2337 1235 2390 confirmaffe
1253 2380 1270 2403 ‚
1304 2357 1362 2392 ex
1382 2356 1478 2404 qua
1496 2339 1767 2407 sequuntur
1809 2338 2156 2402 exemptiones
2186 2341 2469 2393 Seminario

674 2405 800 2458 datae
822 2443 837 2459 .
871 2404 1011 2459 Unio
1029 2408 1450 2478 etiimsubjeffiva
1493 2407 1622 2469 fuit,
1662 2427 1781 2463 cum
1824 2409 2166 2461 Seminarium
2202 2417 2476 2477 incorpora-

674 2490 779 2527 tum
800 2473 956 2529 fuerit
978 2477 1380 2545 Congregationi
1398 2481 1598 2534 Piorum
1620 2481 1990 2548 Operariorum:
2029 2477 2312 2532 Parochum
2350 2481 2471 2531 San-

673 2546 739 2598 έὶί
762 2545 1457 2605 PetrinullosJurisdiCtionis
1489 2550 1624 2604 astus
1662 2548 1932 2603 exercuisse
1968 2550 2019 2599 in
2040 2549 2359 2603 Seminario:
2392 2547 2470 2601 fa-

672 2613 812 2668 stum
830 2617 879 2667 id
898 2619 1038 2668 abeo
1060 2656 1076 2682 ‚
1110 2620 1159 2669 &
1193 2637 1222 2671 a
1258 2620 1456 2673 duobus
1494 2621 1887 2687 praecedentibus
1936 2617 2172 2670 Parochis
2208 2620 2253 2670 in
2286 2621 2472 2672 aedibus

674 2684 1008 2739 condufi'titiis
1030 2722 1044 2745 ‚
1076 2704 1179 2753 quo
1217 2699 1455 2757 tempore
1491 2706 1595 2743 non
1625 2701 1735 2743 erat
1754 2689 2094 2741 Seminarium
2133 2723 2149 2747 ‚
2183 2685 2265 2740 led
2286 2688 2469 2742 scholae

671 2756 841 2817 potius
869 2793 885 2820 ‚
918 2753 1266 2819 &scholares‚
1305 2760 1391 2826 qui
1430 2761 1662 2813 Parochis
1697 2756 1975 2812 subduntur
2015 2773 2028 2809 z
2063 2759 2187 2810 Rem
2221 2759 2469 2823 deniqum

666 2824 946 2888 judicatam
969 2827 1141 2878 haberi
1161 2831 1221 2880 ab
1243 2831 1505 2884 hocSacro
1529 2828 1799 2883 Tribunali
1822 2831 1872 2880 iu
1892 2824 2136 2894 ipfiffimis
2160 2830 2392 2880 terminis
2418 2830 2465 2878 in

676 2895 909 2947 Toletana
931 2898 1007 2948 die
1024 2915 1076 2960 9.
1099 2896 1240 2964 Julii
1256 2919 1383 2951 anno
1413 2916 1564 2967 1735.
1580 2898 1702 2951 Haec
1722 2898 1900 2953 Rec'tor
1936 2901 1988 2949 in
2009 2894 2094 2949 suo
2118 2896 2333 2953 libelloz
2371 2897 2464 2949 Vi-

670 2964 821 3084 (gant
840 2965 992 3031 igitur
1006 2965 1398 3024 Eminentiffimi
1423 2969 1596 3023 Patres
1616 3004 1632 3030 ‚
1666 2985 1764 3036 qua
1796 2970 1997 3022 ratione
2017 2966 2387 3033 expediendum
2404 2967 2465 3019 fit
2547 3014 2550 3019 ,

728 3033 901 3085 ubium
922 3071 938 3087 .

601 3100 688 3156 ‘An
704 3104 770 3169 sit
792 3104 924 3154 locus
941 3109 1173 3158 exercitio
1190 3107 1434 3177 ‘Juriumg
1463 3113 1527 3168 ᾤ’
1547 3110 1854 3162 Funfiiionum
1886 3106 2243 3160 Parochialium
2280 3110 2331 3158 in
2363 3109 2405 3157 S
2409 3125 2463 3158 e·
2548 3139 2552 3147 ι

675 3176 878 3225 minaria
897 3173 1249 3242 Colimbrienst,
1274 3183 1371 3248 stm
1380 3185 1552 3251 potius
1566 3179 1740 3246 constet
1775 3181 1832 3229 de
1850 3166 2080 3230 Jibertate
2117 3177 2330 3244 ejusdem
2364 3177 2461 3230 Se·
2542 3196 2544 3199 ’

674 3245 881 3296 minarii
894 3247 946 3297 in
966 3247 1202 3314 casu‘&c.
2150 3286 2152 3288 ψ
2277 3251 2283 3258 ’

743 3449 1004 3519 Negative
1023 3452 1086 3508 ad
1105 3452 1330 3522 primam
1347 3463 1550 3525 partem
1573 3492 1592 3522 ,
1632 3453 1932 3509 affirmative
1950 3452 2016 3508 ad-
2031 3455 2300 3512 secundam
2322 3489 2341 3506 .

2334 3581 2461 3652 CA-
