2571 3961
656 180 882 283 &casius
901 263 914 285 ‚
952 238 1005 280 ut
1024 228 1178 280 animi
1198 221 1264 278 sui
1297 219 1592 276 sententiam
1608 220 1859 286 aperirem
1896 216 2076 277 Auditi
2095 223 2152 288 ab
2171 239 2236 277 eo
2255 223 2427 278 Patres

654 300 996 356 Ministrantes
1032 296 1253 352 infirmis
1279 293 1476 343 nullam
1499 293 1561 345 de
1598 291 1809 345 dotibus
1829 290 2226 346 controverfiam
2245 310 2434 348 move-

652 384 772 422 runt
795 386 807 423 :
828 369 1114 420 obstiterunt
1135 362 1454 431 postulationi
1477 362 1946 423 administrationis,
1967 362 2016 412 ὃ(
2036 362 2180 415 idem
2199 363 2439 416 Eminen-

655 439 869 492 tislimus
894 436 1145 490 Dominus
1165 435 1208 484 iu
1226 431 1404 483 endem
1429 427 1524 486 fuit
1546 430 1805 483 sententia.
1825 432 1936 483 Post
1956 432 2059 481 haee
2081 433 2439 492 Antamorius,

653 511 700 562 δ(
728 512 890 561 Patres
920 502 1266 570 transegerunt
1286 535 1299 557 2
1335 499 1381 553 8<
1406 500 1654 554 reservato
1681 495 1825 552 lhcrae
1845 503 1986 562 hujus
2007 498 2440 569 Congregationis

652 573 839 635 affensu
862 609 875 632 ‚
899 583 1249 627 convenerunt
1268 573 1293 634 (
1313 567 1464 620 millis
1485 570 1599 627 aliis
1620 570 1864 632 capitibus
1882 603 1897 627 ‚
1931 586 2035 634 quae
2053 573 2114 621 acl
2133 586 2239 624 rem
2258 586 2441 636 pamm
2487 585 2490 590 ·

653 647 910 714 pertinent
930 642 954 711 )
974 656 1027 696 ut
1047 640 1413 697 administratio
1435 642 1742 695 haereditatis
1783 639 1903 691 esset
1924 638 2053 703 apud
2074 642 2442 694 Antamorium

653 710 854 781 ejusque
879 712 1115 779 haeredes,
1137 712 1184 764 8(
1204 708 1496 775 successores
1519 746 1533 769 ,
1553 714 1636 777 qui
1658 710 1776 762 loco
1794 706 1987 761 scaoo,
2011 723 2104 771 pro
2119 710 2440 764 administra-

653 790 797 838 tione
819 783 1112 851 legatorum
1129 797 1156 833 a
1173 780 1428 844 Silvaggio
1450 786 1668 842 praestare
1685 789 1984 831 tenerentur
2001 779 2256 832 PP-nnuua
2281 779 2442 844 sc-40.

655 856 728 908 Ut
752 870 843 919 pro
869 853 1209 916 implemento
1228 849 1525 913 legatorum
1547 850 1752 905 Piorum
1776 880 1794 903 ‚
1835 863 1942 914 quae
1964 848 2254 915 Silvaggius
2271 864 2444 916 perpe-

657 938 748 976 tuo
769 924 1048 974 instituerat
1072 953 1087 978 ,
1131 928 1381 971 teneretur
1402 916 1736 970 Antamorius
1755 912 1999 982 affignare
2018 913 2195 971 iisdem
2211 917 2442 973 Patribus

656 1006 736 1046 tot
756 994 864 1044 loca
886 991 1146 1042 montium
1167 1025 1183 1052 ‚
1213 996 1296 1039 aut
1317 989 1448 1040 bona
1470 984 1758 1039 immobilia
1799 986 2109 1039 haereditaria
2129 1022 2144 1046 ‚
2183 1003 2241 1039 ex
2260 989 2441 1055 quibus

652 1063 844 1131 percipi
868 1061 1025 1126 poffet
1047 1074 1236 1112 annuus
1256 1055 1481 1110 redditus
1502 1055 1695 1123 sc.245.
1717 1069 1799 1104 20.
1820 1089 1834 1112 ,
1870 1053 2443 1121 quaerespondentone·

657 1136 793 1187 ribus
809 1131 1058 1196 perpetuis
1082 1145 1108 1181 a
1126 1128 1392 1184 Testatore
1411 1125 1597 1181 relinitis
1613 1164 1630 1193 ‚
1649 1138 1703 1178 ut
1722 1121 1937 1193 denique
1960 1125 2126 1179 Patres
2145 1123 2443 1183 consensum

657 1205 945 1268 praestatent
965 1197 1292 1263 applicationi
1318 1195 1535 1251 Dotium
1554 1233 1570 1249 .

595 1269 711 1326 Hac
730 1271 849 1323 inita
866 1267 1211 1325 tranliiftione,
1229 1266 1497 1331 postulavit
1519 1260 1857 1318 Antamorius
1875 1265 1934 1316 ab
1951 1268 2048 1319 hoc
2069 1265 2219 1319 Sacro
2240 1263 2439 1320 Tribu-

655 1342 759 1395 nali
776 1337 997 1400 ejusdem
1016 1336 1427 1402 approbationem
1449 1373 1465 1400 ,
1483 1334 1732 1388 &iterum
1754 1345 1960 1401 rogatus
1991 1334 2086 1389 fuit
2103 1331 2435 1388 Eminentiffi-

651 1427 768 1466 mus
792 1410 1045 1465 Dominus
1060 1404 1343 1464 Cardinalis
1364 1403 1598 1461 Vicarius
1617 1440 1633 1464 ‚
1669 1416 1723 1457 ut
1740 1401 1802 1454 de
1821 1421 1875 1457 ea
1895 1404 2146 1468 probanda
2162 1442 2181 1469 ,
2219 1402 2301 1457 vel
2319 1406 2438 1458 reii-

658 1480 838 1533 cieuda
860 1476 1158 1531 sententiam
1175 1475 1313 1529 suam
1337 1474 1593 1540 aperiret,
1611 1474 1693 1540 qui
1713 1472 1892 1528 audito
1908 1472 1963 1530 P.
1984 1473 2320 1528 Procuratore
2330 1474 2439 1527 Ge-

660 1549 820 1604 nerali
839 1547 1049 1599 Ordinis
1073 1582 1087 1604 ,
1127 1563 1155 1600 a
1176 1546 1447 1613 quolonga
1485 1546 1685 1612 epistola
1704 1544 1923 1598 rationes
1961 1561 2142 1598 omnes
2160 1543 2291 1597 initae
2310 1556 2440 1596 tran-

655 1618 892 1673 ss&ioiiis
910 1614 1133 1671 colleftae
1156 1611 1362 1671 fuerunt
1380 1651 1395 1676 ‚
1436 1631 1547 1667 eam
1582 1617 1630 1667 in
1666 1617 1905 1669 omnibus
1944 1612 2203 1678 Capitibus
2238 1612 2438 1679 probari

656 1689 792 1757 poffe
814 1684 1007 1741 censuit
1029 1723 1045 1742 .
1081 1683 1236 1739 Causa
1256 1701 1387 1740 nuuc
1405 1688 1710 1751 proponitur
1730 1719 1745 1742 ‚
1782 1684 1828 1738 &
1850 1683 2066 1747 disputat
2101 1685 2437 1738 Antamorius

655 1755 1044 1812 transsafitionem
1064 1755 1159 1807 effe
1178 1756 1485 1822 probandam
1505 1756 1618 1821 quia
1640 1755 1775 1808 utilis
1798 1757 1855 1808 fit
1887 1754 2114 1809 Patribus
2132 1791 2148 1817 ,
2184 1752 2321 1804 utilis
2341 1755 2441 1804 hae·

654 1828 862 1882 reditati
887 1862 902 1886 ‚
938 1829 1166 1892 sartaque
1203 1827 1328 1879 tec‘ta
1348 1829 1572 1882 servetur
1600 1825 1873 1881 Testatoris
1899 1822 2168 1880 voluntas,
2204 1832 2438 1876 mutata..-

656 1899 921 1953 dumtaxat
942 1893 1145 1968 persona
1162 1894 1598 1953 Administratoris
1619 1929 1636 1955 ,
1667 1910 1774 1958 quae
1796 1893 2012 1949 mutatio
2032 1892 2092 1945 ad
2114 1888 2439 1945 substantiam

657 1965 953 2024 voluntatis
967 1983 1069 2019 non
1088 1967 1310 2031 pertinet
1335 1982 1349 2021 2
1384 1966 1547 2021 Dotes
1584 1963 1810 2021 Filiabus
1854 1965 1948 2017 suis
1968 1955 2435 2029 applicandaseffe‚

656 2039 775 2105 quia
798 2048 974 2105 agatur
995 2037 1056 2089 de
1075 2038 1309 2102 sanguine
1333 2035 1612 2102 conJqutis
1628 2069 1642 2092 ‚
1663 2035 1797 2090 Patri
1819 2043 1993 2087 tenues
2014 2033 2105 2087 fint
2123 2047 2243 2097 opes
2266 2034 2276 2048 ’
2317 2045 2440 2095 prae-

655 2108 832 2161 sertim
858 2119 1065 2173 gravato
1086 2109 1244 2159 tribus
1264 2106 1376 2159 aliis
1397 2106 1513 2164 filiis
1533 2104 1766 2160 masculis
1785 2141 1798 2163 ,
1837 2103 2014 2168 quibus
2031 2103 2090 2156 fit
2129 2066 2438 2169 proqucien-

657 2178 782 2229 dum
805 2176 1033 2227 :nullum
1053 2174 1228 2239 puellis
1245 2176 1496 2242 eligendis
1516 2213 1530 2234 ‚
1549 2187 1632 2226 aut
1650 2176 1786 2228 sorte
1808 2209 1823 2230 ‚
1843 2174 1886 2225 &
1907 2188 2025 2225 urna
2041 2169 2436 2226 determinandis

656 2244 1038 2299 detrimentum
1056 2241 1230 2299 inferri
1255 2279 1270 2303 ‚
1311 2261 1428 2300 cum
1468 2261 1545 2297 res
1563 2246 1619 2298 fit
1643 2244 1706 2297 de
1725 2239 1952 2309 personis
1977 2243 2198 2295 omnino
2232 2240 2436 2294 incertus

654 2314 720 2367 R.
746 2314 799 2368 P.
818 2313 886 2364 D.
910 2313 1276 2366 Antamorium
1299 2316 1377 2365 cui
1396 2313 1715 2378 Testatorjus
1753 2313 1959 2366 dederat
1982 2309 2279 2364 nominandi
2298 2307 2442 2373 puel-

656 2385 766 2435 lam
787 2381 896 2450 ‚jus
925 2378 1066 2435 suum
1085 2379 1231 2436 fratri
1248 2380 1460 2440 cessisleg
1503 2380 1864 2448 Affignaudum
1892 2390 2013 2434 vero
2044 2382 2142 2433 effe
2159 2377 2363 2442 singulis
2383 2377 2440 2432 fi·

657 2453 821 2505 liabus
843 2453 1172 2516 quantitatem
1194 2449 1416 2520 se.3000.
1440 2488 1454 2512 ‚
1484 2467 1593 2508 tum
1627 2451 1738 2515 quia
1758 2452 1825 2505 ita
1844 2449 2061 2514 requirat
2095 2450 2319 2503 honestas
2358 2447 2447 2499 Fa-

662 2521 839 2578 miliae,
864 2533 974 2576 tum
998 2524 1110 2586 quia
1130 2522 1283 2588 longe
1302 2523 1521 2582 majores
1545 2522 1705 2574 Dotes
1723 2520 1834 2576 dare
1850 2515 1996 2573 solita
2011 2520 2069 2573 fit
2085 2517 2261 2573 eadem
2276 2515 2441 2571 Fami-

662 2592 733 2647 lia
751 2588 1036 2645 Antamori
1055 2627 1070 2646 .
1085 2592 1205 2646 Haec
1224 2592 1381 2645 Com.‘
1398 2592 1651 2657 Philippus
1671 2628 1685 2642 .
1701 2589 1822 2645 Duo
1837 2587 1950 2646 sunt
1964 2589 2133 2645 Causae
2154 2585 2330 2655 Capita
2349 2622 2367 2641 .

602 2657 650 2712 ¹1·
687 2661 837 2725 Ansit
853 2662 1147 2732 approbanda
1168 2663 1420 2715 Concordia
1439 2667 1493 2715 in
1509 2666 1619 2730 casu
1639 2659 1736 2716 ὄσ.

604 2727 680 2792 11.
714 2731 800 2781 An
822 2734 883 2790 ὠ
899 2737 953 2782 in
971 2733 1366 2802 quasummafint
1382 2731 1657 2805 affignandae
1691 2732 1839 2784 Docet
1855 2745 1942 2800 pro
1975 2731 2185 2785 Filiabus
2215 2727 2439 2792 Oratart't

729 2806 784 2853 in
802 2802 909 2870 cql'u
925 2804 1034 2863 &c-

602 3021 700 3079 mo
714 2938 1160 3077 qffiifilsseltlegafive
1181 2978 1197 2997 .
1234 2942 1319 3000 Ad
1339 2943 1402 3000 ΙΙ.
1416 2938 1751 3012 Affignandas
1765 2938 1859 2992 effe
1890 2938 2035 2994 dotes
2051 2940 2101 2993 in
2120 2931 2266 2990 scutis
2286 2932 2432 2989 mille

2333 3669 2435 3731 Die
2517 3714 2519 3720 Α
