2571 3961
52 249 73 268 ‘¹
101 266 270 318 chialis
289 299 301 317 ,
334 261 409 310 cui
431 262 647 316 subiectus
663 251 761 307 erat
780 295 793 314 ,
831 259 1167 310 admittebatur
1183 277 1206 313 ς’
1232 260 1584 323 portiointegra
1599 261 1916 310 Sacerdotibus
1935 297 1950 317 ,
1981 215 2050 311 gig·

105 329 252 376 midia
294 327 522 373 Diaconis
544 361 556 378 ,
592 325 633 370 &
669 323 974 377 subdiaconis
1015 326 1325 377 tribuebatur.
1356 322 1664 379 Parocbialem
1703 324 1750 370 S.
1772 326 1934 378 Maria:
1955 358 1969 377 ,
2003 327 2047 380 δε

105 392 149 436 S.
169 389 387 436 Marcelli
408 421 422 439 .
456 388 584 442 cuius
608 400 765 433 tenues
785 388 981 444 redditus
998 399 1126 434 erant
1158 424 1172 442 ,
1204 403 1326 434 anno
1346 391 1475 443 1569.
1495 386 1634 437 alteri
1665 387 1921 434 Parochiali
1961 388 2049 436 Ec·-

103 451 249 500 clesiae
270 451 414 498 Sanffl
443 451 613 505 Donati
637 450 791 496 univit
811 448 1060 514 Episcopus
1075 449 1235 504 Gilius
1252 482 1271 508 9
1294 451 1428 507 Hunc
1446 449 1648 503 aemulati
1667 447 1931 505 successores
1949 451 2051 512 Epi·

107 513 269 575 scopi,
302 525 352 561 ut
371 512 570 570 ejusdem
593 510 799 567 Ecclesiae
817 547 832 565 ,
863 512 1020 573 suique
1049 512 1176 560 Cleri
1196 512 1400 569 redditus
1417 523 1665 574 augerent,
1702 524 1798 560 tuni
1828 512 2053 575 simplicia

109 576 342 624 Beneficia
361 611 374 629 ,
406 590 499 623 tum
521 574 849 636 Cappellanias
872 611 885 628 ‚
927 588 1020 631 tuin
1057 575 1252 639 denique
1279 575 1470 636 plurima
1504 573 1625 623 Bona
1645 609 1656 629 ,
1687 574 1915 636 suppreffis
1944 577 2053 637 qui-

106 639 304 686 busdam
322 640 547 697 sodalitiis
569 675 582 694 ‚
619 638 666 684 in
684 653 781 683 eam
799 640 1091 685 contulerunt
1114 637 1430 700 frequentibus
1448 640 1692 685 unionibus
1709 672 1723 690 ,
1739 638 1823 691 sed
1841 653 1944 691 cum
1967 653 2053 684 ne·

109 716 201 762 que
218 702 287 748 his
305 702 559 755 consultum
577 701 683 755 satis
702 701 910 761 viderent
933 700 1174 748 numerosis
1194 702 1569 758 Participantibus
1598 735 1611 753 ,
1646 700 1831 749 tandem
1870 701 2054 763 Episco-

86 779 194 826 ‚pus
213 764 501 820 Salomonius
520 779 638 821 anno
666 778 796 827 1594.
817 797 832 816 ,
870 765 974 810 dum
995 763 1173 811 Sacram
1193 776 1345 824 ageret
1369 762 1689 810 visitationem
1711 796 1725 815 ,
1757 778 1815 811 cx
1851 763 2054 826 postula-

111 825 242 874 tione
260 826 391 889 ipsius
409 826 623 891 Capituli
641 826 902 885 decrevit„
936 826 1025 873 fine
1059 828 1323 887 praejudicio
1354 841 1507 874 eorum
1526 861 1540 879 ,
1568 828 1649 886 qui
1681 830 1733 872 ad
1755 826 1946 889 praesens
1980 826 2052 873 vi-

116 921 150 945 „
181 902 299 950 vunt
320 925 335 943 ‚
371 890 501 942 sore,
530 890 588 936 δι’
604 887 691 935 effe
725 887 1039 951 praefigendum
1061 905 1297 937 numerum
1316 924 1330 944 ,
1363 901 1499 956 prout
1531 890 1719 949 praefigit
1754 890 1914 936 decem
1946 902 2052 935 tan-

116 986 152 1009 „
172 953 418 1013 :tummodo
433 953 726 1008 Sacerdotum
746 952 970 1009 videlicet
990 954 1454 1015 Archipresbyterum
1475 987 1486 1001 ,
1517 955 1560 1000 ὀι
1581 953 1845 1005 Abbatem.,
1877 953 1919 997 &
1952 954 2053 998 octo

115 1049 152 1071 „
182 1016 297 1072 alios
315 1016 572 1076 Sacerdotes
591 1051 604 1071 ‚
638 1015 716 1078 qui
741 1017 785 1063 in
805 1016 1022 1076 posterum
1042 1017 1309 1076 participare
1333 1016 1526 1063 debeant
1543 1014 1601 1062 de
1621 1016 1834 1062 omnibus
1849 1051 1862 1069 ‚
1899 1015 1944 1060 &
1964 1014 2055 1060 sin-

115 1113 150 1136 „
181 1079 302 1144 gulis
321 1079 573 1141 fructibus,
603 1081 644 1127 δι
671 1080 913 1140 redditibus
933 1079 1160 1126 Bonorum
1177 1080 1273 1135 eius
1303 1078 1544 1139 Capituli,
1573 1079 1739 1140 quibus
1774 1076 1956 1139 singulis
1975 1079 2054 1123 Sa-

114 1176 163 1198 „w
182 1141 435 1203 cerdotibus
453 1144 726 1190 obeuntibus
755 1158 839 1203 pro
857 1154 1056 1205 ternpore
1079 1142 1318 1203 succedant
1340 1142 1422 1188 alii
1441 1142 1490 1188 in
1512 1140 1778 1190 sacerdotio
1812 1139 2058 1197 existentes

113 1204 460 1268 „antiquiores
480 1239 493 1256 ‚
518 1206 720 1267 &magis
747 1206 898 1267 ieonei
919 1242 930 1253 .
987 1247 989 1249 .

48 1268 614 1331 Nldmeratam‘Ecclesiam
635 1267 873 1329 Episcopus
897 1269 1178 1329 loannellius
1200 1270 1478 1319 annoci610.
1494 1300 1507 1321 ,
1538 1265 1673 1319 editis
1696 1267 1742 1314 in
1767 1267 1903 1314 Sacra
1923 1262 2057 1313 Visi-

103 1330 292 1396 ‚tati'one
316 1333 515 1393 plui-ibus
529 1332 725 1380 decretis
744 1335 796 1379 de
816 1332 1082 1390 recitatione
1102 1334 1248 1382 divini
1271 1331 1425 1389 Officii
1445 1335 1490 1379 in
1507 1330 1669 1379 Choro
1699 1368 1711 1384 ,
1743 1329 2009 1386 declaravit
2025 1361 2056 1384 ‚,

111 1431 148 1454 ‚,
181 1394 267 1454 esse
289 1394 598 1456 Collegiatam
616 1428 631 1447 ,
659 1395 792 1456 eique
814 1395 1033 1442 inservire
1056 1397 1523 1459 Archipresbyterum
1543 1430 1555 1448 ,
1591 1397 1818 1441 Abbatem
1839 1431 1850 1445 ,
1885 1394 1927 1440 ,δι
1952 1393 2058 1438 οὲἲο

109 1494 144 1516 „
175 1459 470 1518 Canonicos,
504 1459 544 1504 &
577 1457 808 1506 mandavit
843 1457 1058 1518 Officium
1077 1461 1245 1517 nedum
1277 1458 1458 1505 recitari
1479 1461 1522 1505 in
1561 1457 1722 1504 Choro
1741 1490 1755 1518 2
1785 1457 1852 1504 sed
1881 1453 1975 1502 fieri
1997 1454 2058 1501 li-

113 1557 148 1579 „
179 1524 304 1584 brum
326 1523 638 1583 punctatorum
656 1554 670 1573 ‚
706 1527 764 1570 (φ
786 1523 940 1578 rursus
965 1537 1084 1569 nova
1119 1522 1385 1579 Vifitatione
1414 1526 1521 1583 anni
1538 1521 1676 1573 1615.
1710 1525 1878 1568 iterum
1898 1518 2056 1574 decla·

106 1619 158 1642 ‚„
191 1584 347 1644 ravit,
375 1585 420 1631 ὃς
442 1584 590 1643 erexit
612 1581 1125 1646 Ecclefiam'praedictam
1147 1585 1199 1637 in·
1223 1583 1531 1646 Collegiatam
1563 1599 1666 1632 cum
1707 1583 1882 1628 Abbate
1902 1616 1914 1632 ,
1952 1582 2053 1634 Ar-

110 1649 154 1704 ,,’
186 1647 537 1709 chipresbytero
553 1681 566 1698 ,
599 1647 643 1692 3<
667 1646 765 1691 οξὶο
781 1647 886 1705 aliis
903 1645 1153 1701 Canonicis
1172 1682 1184 1700 ‚
1206 1650 1397 1707 quorum
1414 1651 1501 1695 duo
1519 1646 1671 1701 ultimi
1691 1645 1956 1691 inservirent
1977 1657 2055 1703 pro

110 1710 149 1767 ,‚'
181 1710 427 1769 Diacono‘‚
468 1709 511 1755 δι
534 1708 821 1766 Subdiacono'
838 1745 854 1761 ,
885 1710 927 1756 &
950 1708 1183 1756 mandavit
1203 1707 1300 1756 fieri
1320 1711 1482 1767 librum
1503 1711 1824 1773 punCtatorum
1844 1741 1857 1760 ,
1881 1711 2056 1753 vacan-

109 1808 145 1834 „
177 1772 263 1830 tias
285 1786 377 1818 non
399 1770 567 1828 debere
583 1771 798 1831 decedere
816 1771 1012 1819 mensem
1032 1805 1046 1824 ,
1074 1784 1209 1833 prout
1230 1773 1276 1817 in
1309 1773 1578 1820 Cathcdrali
1612 1774 1727 1817 Sorae
1747 1805 1760 1822 ‚
1791 1768 2056 1820 succedente

125 1868 143 1888 ,
175 1835 307 1896 obitu
338 1833 645 1882 Canonicatus
671 1867 685 1886 ,
717 1835 980 1883 Praebendas
1009 1832 1250 1896 providere
1281 1834 1402 1888 iuxta
1423 1835 1622 1897 Regulas
1660 1830 1958 1888 Cancellariae
1978 1865 2009 1884 ,‚
2042 1862 2059 1877 .

102 1897 223 1946 Alia
244 1913 423 1960 quoque
441 1898 644 1945 eumdem
666 1897 934 1960 Episcopum
955 1896 1003 1943 in
1023 1897 1131 1944 aliis
1150 1896 1480 1957 posterioribus
1520 1896 1866 1944 Visitationibus
1886 1895 2057 1940 decre-

107 1959 220 2020 visse
239 1961 293 2008 de
312 1959 468 2008 Officii
496 1960 798 2023 recitatione,
827 1963 880 2008 de
904 1965 1039 2019 Sacro
1073 1959 1264 2006 solemni
1302 1963 1477 2022 agendo
1496 1997 1509 2015 ,
1537 1962 1589 2022 &⁴
1618 1958 1832 2006 similibus
1872 1968 2058 2008 narrat,

107 2027 187 2084 qui
207 2038 328 2073 nunc
343 2024 518 2072 Soranae
539 2023 742 2072 Ecclesiae
762 2023 915 2085 praeest
937 2059 950 2076 ,
979 2024 1254 2085 Episcopuss
1284 2025 1364 2071 Sed
1397 2039 1453 2072 an
1484 2026 1580 2072 hacc
1613 2023 1799 2076 decreta
1830 2030 2057 2080 exequuta

109 2086 286 2146 suerint
305 2122 318 2144 ‚
347 2088 585 2150 ignoratur
603 2125 614 2136 .
653 2085 775 2135 Illud
793 2100 973 2145 certum
992 2087 1056 2132 est
1074 2102 1190 2133 anno
1215 2102 1346 2147 ¹709·
1373 2088 1418 2134 in
1441 2085 1694 2147 provisione
1716 2083 2059 2144 Archipresby-

111 2161 292 2198 teratus
327 2149 437 2197 sacta
465 2167 490 2198 a
521 2151 634 2200 Sede
670 2149 905 2198 Ecclesiam
934 2163 1237 2213 nuncupatam
1260 2149 1390 2208 fuisse
1421 2148 1764 2208 parochialem,
1797 2148 1840 2203 ὅς
1880 2144 2058 2199 Archi-

107 2212 476 2275 presbyteratum
499 2213 719 2261 collatum
742 2212 866 2261 fuisse
884 2226 1113 2276 tamquam
1150 2225 1421 2276 perpetuum
1449 2214 1644 2275 simplex
1683 2209 1943 2265 Beneficium
1973 2218 2053 2254 Ec-

111 2276 427 2335 clefiasiic.iim3
461 2278 577 2323 Octo
595 2291 701 2335 vero
724 2276 845 2334 Loca
865 2312 878 2330 ‚
909 2278 982 2335 ubi
999 2282 1172 2334 ‘eorum
1207 2275 1391 2331 vacatio
1420 2274 1619 2336 contigit
1644 2308 1658 2327 ,
1695 2271 1790 2319 solo
1809 2269 2023 2318 consensu
2039 2304 2056 2324 ,

112 2339 156 2386 δι
178 2338 467 2400 beneplacito
482 2338 811 2402 Episcoporum
841 2341 1031 2401 impleta
1051 2337 1178 2386 suiss'e
1196 2341 1252 2384 ab
1283 2339 1619 2402 antiquioribus
1650 2336 1695 2383 in
1729 2333 1930 2382 Ecclesiae
1962 2334 2057 2401 ser-

110 2400 233 2449 vitio
249 2402 589 2460 Sacerdotibus.
609 2402 731 2449 Cum
751 2418 863 2459 vero
879 2418 1024 2466 nuper
1044 2406 1119 2449 Sac
1128 2417 1220 2448 ram
1243 2415 1394 2461 agei-et
1418 2400 1732 2451 visitationem
1748 2399 1938 2444 Soranus
1953 2398 2056 2454 Epi-

47 2467 52 2472 ”
112 2463 309 2525 scopus,
339 2463 683 2514 Antecefforum
707 2466 884 2524 suorum
907 2465 1094 2528 vestigia
1119 2479 1334 2528 premens
1353 2468 1489 2512 novit
1511 2461 1684 2526 negligi
1705 2461 1753 2508 in
1771 2476 1823 2507 ea
1866 2456 2057 2508 Ecclefia

113 2527 436 2587 recitationem
452 2529 597 2589 divini
617 2527 777 2587 Officii
794 2565 808 2584 ,
842 2531 1136 2590 decrevitque
1159 2562 1172 2581 ,
1209 2539 1258 2574 ut
1279 2528 1373 2585 ejus
1391 2527 1647 2578 Sacerdotes
1668 2526 1870 2587 quotidie
1888 2528 1935 2571 in
1961 2523 2062 2589 Cli-o·

117 2607 167 2637 ro
191 2594 440 2647 recitarent
458 2591 594 2638 horas
630 2596 884 2640 matutinas
910 2626 924 2644 ,
956 2602 1011 2641 Θ
1041 2610 1123 2640 non
1141 2588 1427 2655 vespertinas
1447 2626 1459 2643 ,
1493 2601 1614 2638 certa
1642 2585 1812 2635 indicta
1847 2599 1980 2646 poena
2012 2597 2061 2652 itt

113 2664 406 2700 contumaces
427 2684 442 2699 .
476 2652 615 2715 AEgre
637 2656 838 2701 tulerunt
875 2654 961 2702 hoc
992 2655 1244 2702 Decretum
1280 2654 1672 2714 Archipresbyter
1694 2685 1708 2706 ‚
1745 2650 1896 2697 Abbas
1916 2683 1931 2702 ,
1964 2647 2066 2693 alii-

115 2731 205 2776 que
221 2718 324 2763 οίὶο
342 2718 596 2775 Sacerdotes
619 2753 630 2772 ‚
661 2719 702 2765 &
720 2717 1032 2764 decreverunt
1051 2712 1107 2761 ab
1123 2731 1180 2762 eo
1202 2717 1428 2775 appellare
1449 2751 1461 2767 ‚
1495 2716 1570 2762 sed
1586 2729 1689 2761 cum
1711 2711 1926 2759 Tabellio
1940 2722 2061 2776 eain-

114 2779 223 2824 dem
251 2778 630 2839 Appellationem
664 2795 751 2826 non
786 2777 1036 2826 Promotori
1073 2778 1267 2829 Fiscali‚
1301 2791 1349 2824 ut
1387 2780 1617 2829 debebat,
1644 2776 1717 2822 sed
1756 2773 1842 2838 ipsi·
1869 2773 2063 2839 Vicario,

117 2839 340 2897 Generali
357 2839 606 2889 tradidisset
625 2877 640 2896 ,
668 2843 716 2889 in
734 2856 934 2898 carceres
958 2840 1185 2894 coniectus
1200 2839 1284 2886 suit
1306 2874 1321 2893 ,
1349 2842 1390 2887 &
1415 2841 1691 2903 Capitulum
1708 2853 1872 2885 novam
1888 2837 1933 2882 in
1950 2833 2065 2890 Tri-

118 2905 271 2951 bunali
300 2905 358 2950 A.
380 2908 436 2952 C.
456 2905 817 2966 appellationem
839 2903 1111 2962 interposuit
1128 2934 1143 2959 q
1498 2909 1504 2913 '

50 2964 294 3029 Rescripto
312 2966 584 3023 Tribunalis
606 2969 856 3030 Signaturae
875 2965 1031 3014 Causae
1065 2965 1270 3026 cognitio
1311 2965 1682 3019 Eminentiffimis
1719 2963 1926 3011 Patribus
1958 2962 2064 3014 data

120 3028 204 3075 fuit
222 3064 233 3075 .
264 3031 463 3089 Auditus
484 3031 724 3095 Episcopus
749 3043 869 3078 totus
887 3028 948 3088 est
972 3030 1014 3075 in
1040 3027 1383 3084 demonstranda
1407 3029 1577 3084 justitia
1609 3028 1814 3076 decreti:
1857 3027 1942 3074 Ait
1973 3038 2067 3072 rem

115 3092 202 3138 esse
221 3091 279 3139 de
299 3091 496 3149 Ecclesia
514 3094 783 3157 Colleg‘iata
808 3128 822 3144 ,
852 3094 961 3150 licet
983 3106 1074 3138 non
1096 3091 1261 3153 insigni
1283 3126 1298 3144 ‚
1334 3093 1375 3138 δι
1395 3096 1448 3137 de
1469 3090 1589 3140 veris
1614 3089 1866 3143 Canonicis
1882 3124 1896 3142 ‚
1933 3088 2069 3134 talem

117 3171 216 3219 eam
234 3155 542 3202 demonstrare
560 3158 746 3212 uniones
767 3158 824 3203 ab
855 3155 1079 3217 Episcopo
1099 3153 1232 3202 Gilio
1262 3155 1447 3216 ejusque
1485 3151 1814 3206 successoribus
1833 3167 1885 3199 ea
1915 3162 2073 3197 mento

116 3217 241 3265 sactae
264 3255 277 3272 ‚
314 3229 365 3264 ut
392 3217 637 3271 Ecclesiam
656 3220 787 3274 illam
805 3217 1120 3275 parochialem
1142 3218 1712 3278 redderent'Collegiatam
1738 3251 1751 3268 ‚
1785 3215 2073 3277 congruique

116 3279 196 3341 ipsi
219 3280 416 3328 redditus
435 3281 576 3328 essent
594 3318 608 3336 ,
644 3283 805 3345 quibus
822 3282 1036 3344 dignitati
1056 3277 1399 3335 Canonicor‘um
1428 3280 1740 3328 consuleretur
1762 3314 1774 3330 ,
1812 3278 1949 3331 talem
1967 3273 2076 3322 desi-

114 3343 244 3404 gnari
263 3360 289 3390 a
306 3346 566 3399 reduCtione
592 3381 603 3397 ,
634 3347 675 3392 &
697 3344 955 3408 praesixione
973 3347 1146 3400 numeri
1185 3344 1474 3401 Sacerdotum
1491 3379 1503 3396 ‚
1536 3343 1615 3404 qui
1645 3341 1845 3396 redditus
1872 3341 2074 3408 integros

114 3406 404 3468 perciperent
430 3441 444 3459 ,
480 3410 619 3456 talem
650 3409 947 3465 demonstrare
969 3406 1301 3464 declarationes
1343 3407 1663 3469 Episcoporum
1686 3421 1733 3458 in
1775 3403 2072 3458 Visitationi«

111 3470 193 3529 bus
213 3502 226 3520 ,
263 3470 650 3528 denominationes
672 3471 870 3531 Populi,
908 3471 951 3523 &
973 3471 1019 3515 in
1043 3470 1215 3519 affitibus
1237 3469 1434 3533 publicis
1454 3468 1700 3530 praesertim,
1718 3480 1836 3514 vero
1872 3466 1917 3513 in
1939 3465 2074 3513 Lite-

113 3532 172 3582 ris
195 3532 471 3594 Apostolicis
489 3569 502 3585 ‚
534 3533 704 3597 signum
722 3549 960 3595 commune
979 3549 1267 3589 communem
1284 3535 1456 3589 Arcam
1476 3567 1487 3586 ,
1520 3532 1689 3585 librum
1708 3527 2069 3577 Conclusionum

110 3592 458 3654 Capitularium
478 3632 491 3650 ,
529 3598 711 3659 aliaque
742 3597 913 3653 indicia
931 3632 946 3650 ‚
981 3598 1023 3642 &
1042 3608 1304 3658 argumenta
1323 3628 1338 3647 ,
1369 3611 1393 3651 e
1411 3593 1576 3658 quibus
1592 3594 1788 3657 qualitas
1820 3590 2074 3654 Collegia-

112 3657 263 3704 litatis
282 3657 401 3704 solet
418 3658 546 3706 educi
566 3678 578 3704 ι
619 3662 739 3706 l-sinc
761 3661 956 3707 dubitari
976 3673 1066 3705 non
1084 3657 1210 3720 posse
1232 3658 1503 3718 Capitulum
1529 3692 1541 3711 ,
1573 3658 1615 3705 δι
1645 3655 1911 3704 Canonicos
1933 3666 2068 3701 tene-

110 3718 150 3778 ri
169 3720 222 3779 ad
240 3719 380 3775 horas
400 3722 446 3769 in
466 3722 626 3771 choro
642 3723 964 3786 persolvendas
984 3757 998 3777 ‚
1035 3721 1275 3786 praesertim
1294 3755 1310 3774 ‚
1344 3737 1445 3770 cuin
1475 3721 1562 3768 hoc
1579 3735 1694 3769 onus
1714 3720 1880 3770 dudum
1905 3715 2066 3786 ‘subse-.-

1873 3792 1967 3828 rint
1987 3814 2002 3833 ,
