2571 3961
57 203 147 244 vnt-
166 197 230 256 sit
257 195 497 253 standum,
532 196 614 244 vel
640 195 932 245 recedendum
969 209 996 241 a
1031 189 1200 252 Dectsss
1232 188 1382 255 'quoad
1416 193 1493 237 ΙΙΙ.
1514 220 1530 243 ‚
1566 193 1625 241 Θ
1661 193 1738 239 VI.
1772 187 1971 243 Dubium
1999 140 2076 235 12}

123 261 228 321 casu
255 264 362 309 &o-

52 436 64 447 κ
125 437 167 497 ὃ,
188 384 370 495 Qoad1
376 400 420 454 3.
437 386 488 494 &tc
502 387 549 433 6.
579 385 771 435 dubium
804 386 851 435 in
871 381 1057 438 decisis,
1090 382 1132 430 &
1167 379 1360 443 amplius
1381 416 1392 429 .
1425 378 1596 444 Qioad
1615 390 1656 434 4.
1676 392 1720 450 7.
1738 377 1781 425 δι
1813 381 1859 424 8.
1874 374 1989 425 nihil
2014 375 2075 424 de

159 460 256 496 'ova
287 463 341 495 au
372 463 447 495 “len
475 463 516 496 ia
535 480 550 494 ·
1679 470 1682 475 ¹

192 571 648 631 *NCQNITANA
682 611 696 629 ‚
742 575 855 623 SEU
892 569 1368 624 SENOGALLIEN.
1401 564 1936 617 ORDINATIONISx
1968 564 2068 613 Nu-
2146 558 2407 617 Sefh.23.c.
2432 560 2475 605 8.

172 689 175 691 ,
233 636 887 698 ptias'contraxitFranciscus
910 636 1098 682 Roberti
1116 633 1249 682 Civis
1282 633 1442 680 Terrae
1478 632 1655 679 Montis
1693 628 1858 682 Bodii,
1894 645 1992 691 quae
2023 631 2070 676 in
2112 623 2162 669 de
2186 622 2278 685 Ref-

125 697 335 749 Dioecesi
362 699 689 761 Senogallienfi
707 700 770 746 est
786 735 801 754 ,
835 713 952 745 anno
974 700 1106 758 1728.
1123 711 1223 744 cum
1241 695 1491 743 Catharina
1511 695 1643 741 Fabri
1665 691 1784 739 Cive
1815 692 1963 740 Casiri
1979 692 2071 739 Pa-

126 761 287 814 terni,
319 761 445 824 quod
476 762 506 808 s.
648 762 704 810 ‘st
741 763 787 809 in
817 760 1015 809 Dioeeefi
1051 759 1342 807 Anconitana
1363 794 1375 811 ‚
1408 759 1449 805 &
1482 757 1586 820 quia
1619 756 1828 817 pinguem
1856 755 1913 802 ab
1930 768 2070 803 uxore

122 826 304 872 Dotem
323 823 491 883 recepit
514 858 528 876 ,
556 834 771 871 Montem
802 822 997 871 Bodium
1015 822 1210 870 deseruit
1231 855 1245 874 ,
1279 823 1319 868 &
1341 821 1475 868 Lares
1494 854 1509 874 ,
1542 818 1829 878 fortunasque
1847 817 1942 864 suas
1978 818 2071 865 Pa-

44 931 48 946 ³
121 894 311 935 'ternum
340 885 569 932 transtulit
602 888 737 951 genio
768 887 924 934 uxoris
957 886 1193 948 indulgens
1213 920 1226 938 ,
1262 885 1303 932 &
1332 884 1520 932 culturae
1552 881 1777 929 dotalium
1810 880 2068 934 Bonorum,

45 978 47 1005 5
124 965 223 1012 quae
242 948 450 1011 plurimis
467 947 872 997 meliorationibus
896 949 1024 997 auxit
1045 984 1058 1003 ,
1092 963 1276 1012 operam
1296 962 1466 994 navans
1487 979 1499 992 .
1532 945 1657 992 inter
1676 942 1962 990 Decuriones
1984 944 2071 989 Pa—

44 1037 47 1065 1
119 1013 244 1062 ,terni
263 1021 498 1071 coaptatus
534 1010 626 1058 fuit
649 1048 662 1068 ,
698 1014 968 1074 domumque
990 1012 1037 1059 in
1068 1014 1223 1058 eodem
1254 1010 1413 1057 Castro
1441 1008 1549 1056 emit
1566 1007 1640 1054 sua
1674 1005 1898 1067 pecunia,
1927 1020 2068 1069 quam

123 1074 273 1138 spatio
305 1072 545 1137 vigintisex
564 1089 785 1124 annorum
817 1075 1051 1122 habitavit
1075 1109 1088 1127 ,
1121 1076 1164 1121 &
1189 1088 1310 1120 nunc
1339 1075 1475 1119 etiam
1496 1069 1659 1118 incolit
1677 1098 1693 1116 .
1729 1068 1794 1115 Ex
1811 1068 1877 1114 his
1899 1068 2066 1128 nuptiis

123 1137 216 1185 orti
248 1135 353 1182 sunt
372 1135 507 1182 Filii:
545 1137 641 1186 Hos
664 1139 784 1186 inter
817 1137 1136 1184 Raimundus.
1174 1137 1293 1182 Cum
1324 1136 1405 1182 hic·
1430 1131 1739 1182 Ecclefiasticae
1780 1129 1956 1180 militiae
1976 1147 2069 1178 no-

42 1211 47 1263 ξ
116 1214 232 1247 :men
262 1199 365 1244 dare
385 1212 568 1259 cuperet
588 1235 602 1254 ,
634 1200 881 1264 postulavit
901 1199 1160 1246 Franciscus
1185 1201 1316 1244 Pater
1333 1201 1387 1244 ab
1403 1197 1626 1260 Episcopo
1647 1195 1944 1243 Anconitano
1969 1229 1982 1248 ,
2016 1205 2068 1241 ut

42 1270 45 1295 ²
119 1277 231 1309 «eum
249 1260 483 1308 Clericali
502 1262 719 1311 Tonsura
740 1263 977 1309 initiaret.
1012 1260 1268 1310 Difficilem
1292 1261 1467 1307 invenit
1490 1258 1752 1323 Episcopum
1773 1290 1785 1307 ‚
1818 1260 1933 1317 quod
1954 1271 2068 1303 cen-

117 1325 244 1375 ‘feret
265 1324 627 1379 ,iurisdietionem
647 1327 764 1372 hanc
793 1324 878 1372 effe
902 1324 1105 1386 Episcopi
1125 1323 1466 1385 Senogallienfis
1486 1356 1499 1375 ,
1533 1322 1638 1383 quia
1658 1319 1766 1366 licet
1784 1318 2068 1365 Raimundus

120 1398 259 1436 natus
275 1385 382 1433 esset
401 1387 586 1437 Paterni
607 1424 620 1442 ‚
655 1387 877 1451 originem
903 1400 1052 1445 tamen
1079 1387 1221 1434 Patris
1244 1387 1361 1447 sequi
1386 1396 1613 1432 teneretur
1634 1416 1647 1434 ‚
1677 1382 1752 1442 qui
1788 1396 1890 1427 cum
1911 1394 2068 1429 ortum

118 1449 350 1498 habuiffet
378 1450 424 1495 in
445 1449 594 1499 Terra
612 1451 785 1499 Montis
804 1450 930 1497 Rodii
951 1485 964 1502 ,
997 1449 1217 1508 subjeetus
1240 1462 1332 1495 erat
1352 1447 1569 1509 Episcopo
1595 1442 1945 1504 Senogalliensi.
1977 1443 2068 1490 Re-

120 1515 267 1572 iectus
294 1513 376 1560 hac
401 1513 577 1560 ratione
606 1513 866 1561 franciscus
890 1516 943 1560 ab
965 1512 1185 1574 Episcopo
1203 1511 1501 1558 Anconitano
1521 1509 1632 1555 adiit
1654 1504 2068 1567 Senogalliensem‚

122 1578 323 1640 quicum
342 1575 510 1622 remisit
528 1577 586 1624 ad
608 1576 946 1623 Anconitanum
964 1607 972 1619 .
1010 1578 1076 1622 Ut
1095 1576 1230 1635 igi-tui·
1246 1572 1509 1621 definiretur
1523 1607 1536 1624 ,
1570 1585 1594 1616 a
1613 1586 1702 1633 quo
1722 1567 1940 1628 Episcopo
1956 1568 2067 1614 Rai-

118 1642 315 1687 mundus
350 1637 622 1685 ordinandus
645 1637 784 1689 esset3
812 1654 969 1700 preces
997 1638 1173 1686 obtulit
1199 1636 1457 1684 Franciscus
1490 1634 1612 1682 sacro
1645 1633 1752 1678 huic
1786 1630 2032 1677 Tribunali
2051 1665 2067 1684 ,

121 1701 356 1765 postulans
390 1734 403 1756 ,
436 1714 488 1747 ut
517 1701 824 1749 declararetur
855 1701 1048 1764 speclare
1073 1700 1435 1755 jurisdietionem
1474 1695 1689 1756 Episcopo
1725 1692 2027 1739 Anconitano
2050 1726 2067 1740 .

123 1763 336 1813 Auditus
358 1761 445 1810 fuit
471 1776 663 1827 uterque
688 1763 962 1826 Episcopus:
1003 1763 1324 1814 Anconitanus
1353 1758 1576 1819 rescripsit
1601 1791 1633 1811 ,‚
1666 1757 1911 1803 Oratorem
1946 1756 2066 1802 nihil

121 1861 157 1882 2,
188 1826 366 1891 proprii
387 1826 432 1871 in
451 1826 523 1874 sua
547 1827 747 1876 Dioecesi
766 1829 975 1887 poilidere
995 1864 1008 1881 ,
1045 1829 1088 1874 δι
1107 1827 1357 1871 naturalem
1375 1822 1652 1881 civilemque
1670 1819 2067 1865 conservationem

121 1923 158 1944 ‚,
193 1888 466 1951 cognoscere
487 1906 543 1937 ex
565 1890 963 1938 administratione
981 1891 1212 1938 Bonorum
1232 1885 1477 1936 Dotalium
1500 1918 1513 1936 ,
1541 1885 1581 1929 &
1601 1879 1952 1929 extradotalium
1972 1880 2063 1926 Ca-

122 1988 158 2009 „
196 1954 386 2000 tharinae
405 1952 542 2001 fabri
580 1952 834 2016 Coniugis,
869 1969 950 2000 nec
967 1967 1179 2014 umquam
1213 1948 1510 1996 Matrimonio
1534 1980 1547 2000 .,
1579 1945 1619 1991 &
1647 1942 1896 1990 Domicilio
1926 1940 2067 1989 stante

119 2047 163 2077 ,‚
194 2017 391 2063 animum
412 2017 455 2061 in
472 2016 676 2065 Dioecesi
697 2017 994 2079 permanerdi
1017 2010 1331 2064 manifestasse,
1351 2012 1485 2056 immo
1505 2019 1669 2055 votum
1690 2005 1801 2052 alias
1820 2004 2065 2064 expreiiisse

123 2112 161 2137 ,³
192 2077 408 2128 redeundi
429 2083 481 2128 ad
511 2080 724 2127 Montem
765 2079 955 2127 Rodium
998 2080 1169 2126 Locum
1191 2076 1274 2123 suae
1303 2072 1524 2135 originis,
1565 2070 1611 2116 in
1644 2082 1733 2130 quo
1768 2078 1953 2128 paterno
1974 2102 1987 2120 ,
2020 2069 2067 2114 ὅ(

122 2177 159 2199 ,,
191 2142 322 2191 avito
339 2144 436 2202 jure
463 2142 620 2206 primis
638 2142 857 2191 Civitatis
875 2142 1090 2206 gradibus
1120 2139 1209 2188 frui
1228 2140 1391 2187 debere
1408 2169 1422 2191 ,
1454 2149 1508 2182 ac
1530 2132 1662 2184 valde
1684 2132 1846 2179 utilem
1881 2129 2068 2193 longae·-

123 2242 157 2262 ,‚
190 2223 258 2254 vae
280 2207 446 2253 Matris
465 2207 775 2255 haereditatem
795 2211 1066 2269 expectare.
1420 2212 1438 2235 ·'

57 2270 249 2322 Contra
277 2268 529 2332 Episcopus
549 2270 895 2334 Senogalliensis
919 2303 934 2318 .
968 2267 1256 2317 Franciscum
1283 2267 1421 2326 longa
1444 2260 1615 2324 viginti
1633 2259 1711 2330 sex
1731 2272 1955 2327 annorum
1974 2272 2069 2304 mo-

125 2349 176 2382 ra
195 2331 482 2381 domicilium
501 2367 514 2386 ‚
546 2335 588 2382 &
630 2335 862 2383 civitatem
892 2331 1159 2383 contraxisse
1186 2332 1232 2378 in
1264 2327 1426 2376 Castro
1464 2328 1682 2373 Paterni.
1716 2324 1936 2367 Animum
1956 2335 2071 2383 per-

120 2397 334 2445 manendi
355 2395 456 2442 satis
479 2397 752 2445 declaratum
794 2396 951 2451 fuisse,
983 2398 1103 2460 quod
1133 2395 1343 2440 Honores
1374 2425 1388 2443 ,
1422 2390 1460 2435 δι
1486 2387 1673 2434 Munera
1691 2382 1875 2453 gesserit
1898 2383 1946 2430 in
1966 2385 2063 2429 Or-

122 2461 231 2507 dine
249 2458 449 2517 ciusdem
482 2461 625 2507 Castri
645 2493 659 2512 ‚
692 2461 813 2522 quod
849 2464 1033 2508 domum
1052 2461 1097 2505 in
1125 2471 1182 2503 eo
1197 2456 1273 2502 sua
1306 2451 1496 2516 pecunia
1515 2457 1886 2510 comparaverit,
1918 2445 2067 2514 fortu-

121 2522 291 2583 nasque
319 2521 414 2568 fuas
450 2522 760 2578 transtulerit,
793 2527 909 2588 quod
949 2524 1069 2570 hunc
1095 2520 1295 2568 animum
1333 2515 1500 2572 scripto
1534 2510 1830 2559 declaraverit
1867 2509 2067 2577 testimo-

115 2587 208 2633 nio
238 2621 253 2640 ‚
291 2585 408 2645 quod
425 2585 487 2631 est
518 2586 565 2633 in
598 2587 727 2633 Actis
744 2586 830 2634 suae
865 2584 1144 2647 Episcopali's
1177 2577 1482 2628 Cancellariae
1504 2609 1518 2624 .
1552 2579 1773 2634 Apertam
1790 2570 1873 2618 esie
1904 2585 2066 2641 cogni-

119 2647 301 2695 tissimae
325 2647 663 2696 innocentianae
692 2649 1058 2696 constitutionis
1077 2681 1090 2699 ‚
1123 2644 1251 2699 cuius
1271 2639 1455 2689 initium
1476 2638 1538 2685 est
1557 2637 1888 2707 ‘specqlatores
1910 2669 1923 2704 ‚³
1960 2632 2062 2680 dis-

117 2709 390 2773 positionem
409 2745 422 2763 ,
457 2727 559 2758 cum
589 2709 873 2758 Raimundus
893 2710 1166 2759 naturaliter
1186 2719 1311 2753 ortus
1332 2704 1382 2750 sit
1412 2703 1458 2747 in
1499 2698 1699 2748 Dioeceii
1733 2700 2032 2767 {anconitana
2050 2729 2066 2748 ,

123 2789 219 2823 non
240 2789 348 2821 vero
383 2789 440 2821 ex
464 2775 595 2822 causa
625 2773 886 2827 eventuali,
925 2788 1069 2834 neque
1088 2766 1317 2817 occasione
1354 2764 1532 2813 itineris
1552 2797 1563 2814 ‚
1606 2759 1765 2807 Officii
1795 2793 1809 2811 ‚
1840 2759 2067 2829 autalte-

124 2839 223 2885 rius
255 2839 538 2899 temporariae
559 2851 696 2884 morae
737 2835 962 2885 Francisci
984 2835 1128 2882 Patris
1150 2832 1196 2878 in
1230 2829 1388 2877 Castro
1417 2829 1638 2874 Paterno:
1668 2822 1746 2869 Ad
1782 2822 2069 2892 jurisdictio-

125 2915 231 2952 nem
259 2899 400 2962 igitur
436 2899 721 2948 Anconitani
755 2898 966 2960 Episcopi
1003 2894 1313 2944 Raimundum
1337 2892 1530 2952 speclare
1549 2923 1561 2941 ,
1590 2890 1644 2934 ab
1675 2900 1728 2932 eo
1745 2885 1829 2932 ess'e
1859 2888 2070 2931 ordinan-

125 2964 242 3011 dum
260 2993 275 3009 .
309 2963 472 3011 Eadem
492 2963 626 3010 latius
644 2964 885 3024 exequitur
907 2960 1170 3009 Franciscus
1194 2960 1236 3004 in
1261 2955 1424 3002 libello
1442 2954 1519 3001 suo
1539 2987 1553 3005 ‚
1588 2964 1719 3011 quem
1741 2950 1972 2995 dumtaxat
1990 2948 2069 2992 ha-

116 3025 309 3075 'buimus
330 3042 343 3068 ε
379 3026 524 3074 Addit
544 3029 691 3088 plures
713 3027 821 3073 sacri
841 3025 971 3080 hujus
988 3021 1263 3069 Tribunalis
1292 3034 1362 3065 res
1382 3017 1600 3082 iudicatas
1620 3047 1633 3065 ‚
1661 3013 1944 3080 quaerendum
1972 3023 2068 3056 non

122 3088 215 3138 esse
233 3087 342 3149 quid
362 3124 375 3142 ,
409 3088 440 3136 si
460 3090 617 3136 Mater
645 3090 832 3136 decedat
848 3125 860 3142 ,
897 3087 1085 3136 faClurus
1103 3084 1154 3130 sit
1187 3082 1445 3130 Franciscus
1465 3097 1476 3123 ε
1508 3079 1614 3124 satis
1629 3075 1715 3121 effe
1734 3109 1748 3127 ‚
1778 3087 1827 3121 ut
1846 3073 2068 3141 Raimun-

121 3154 208 3200 dus
229 3153 285 3197 ab
306 3151 527 3214 Episcopo
555 3152 860 3199 Anconitano
876 3150 1075 3198 ordinari
1094 3148 1218 3207 possit
1235 3180 1248 3198 ,
1284 3142 1570 3191 Franciscum
1592 3140 1676 3209 lioc
1696 3150 1898 3206 tempore
1914 3135 2068 3181 dorni-

122 3215 286 3263 cilium
303 3214 485 3263 habere
508 3213 688 3262 Paterni
713 3249 726 3267 ,
753 3214 956 3261 habuisse
973 3213 1172 3261 animum
1202 3205 1524 3273 permanendi3
1559 3201 1731 3272 etiamsi
1754 3202 1861 3268 ,¹¹³d52
1898 3199 2067 3266 Paren-

116 3290 196 3326 -tes
211 3279 495 3326 domicilium
517 3280 611 3326 alio
635 3281 759 3324 usum
782 3277 1055 3325 transferant
1073 3309 1086 3327 ,
1114 3287 1204 3319 non
1226 3268 1395 3317 auferri
1415 3266 1513 3335 filio
1531 3268 1600 3325 jus
1619 3274 1935 3331 nativitatis-ei
1953 3275 2069 3320 quae·

126 3342 260 3389 fitum
280 3377 295 3396 2
327 3358 383 3390 ex
417 3358 512 3403 quo
541 3341 689 3389 oritur
719 3339 970 3396 iurisdifflo
1002 3337 1222 3400 Episcopo
1256 3333 1382 3381 illius
1414 3328 1684 3377 Dioeceseos
1720 3362 1734 3381 ,
1768 3337 1819 3371 ut
1852 3321 2066 3370 disserunt

126 3407 311 3464 Barbos·
334 3409 385 3456 de
406 3405 577 3461 Potest.
597 3404 794 3467 Episcop.
815 3405 1011 3465 alleg.4.
1037 3420 1079 3450 n.
1102 3413 1146 3445 2.
1173 3402 1352 3456 Piafec.
1372 3400 1419 3441 in
1439 3401 1586 3439 Prax.
1602 3402 1710 3452 par.
1734 3403 1769 3436 1.
1793 3403 1891 3453 cap-0
1908 3398 1951 3433 2.
1970 3399 2065 3441 n.9·

128 3472 319 3531 Vgolin.
335 3473 389 3517 de
408 3468 522 3528 Offic.
551 3469 698 3531 Episc·
724 3480 818 3528 cap.
846 3474 920 3512 26.
945 3467 984 3521 ξ.
1007 3478 1048 3510 1.
1064 3481 1107 3511 n.
1126 3476 1168 3521 3.
1202 3461 1438 3507 Bonacct'n.
1478 3457 1531 3503 de
1556 3456 1811 3512 sacramen.
1833 3450 1999 3512 disput.
2017 3453 2062 3493 8.

123 3532 275 3593 quaest.
294 3534 426 3580 unica
476 3548 547 3581 ar.
567 3546 606 3583 4.
636 3530 817 3578 Corrad.
833 3532 879 3576 in
909 3535 1057 3574 Prax.
1081 3524 1267 3586 dispenfi
1287 3520 1368 3569 lib.
1392 3537 1435 3581 4.
1456 3527 1553 3580 cap.
1572 3529 1618 3576 ς.
1638 3531 1680 3562 n.
1703 3527 1776 3575 33.
1797 3520 1921 3558 Pax.
1944 3514 2061 3570 ‘Jor-

121 3598 227 3642 dan.
244 3598 297 3644 de
317 3603 392 3655 Re.
407 3545 531 3652 Ιζεν.
547 3594 630 3642 lib.
656 3607 697 3647 3.
715 3596 792 3640 tit.
813 3599 860 3640 6.
878 3608 923 3638 n.
941 3603 1011 3650 37.
1035 3590 1226 3635 Ciarlin·
1248 3592 1459 3631 Controv-
1476 3576 1652 3635 Forenfi
1667 3590 1771 3640 cap·
1799 3587 1901 3642 J49·
1922 3588 2062 3642 nari.

119 3658 354 3720 Regnudel
372 3661 418 3704 in
443 3656 713 3705 Bibliothec.
731 3658 841 3716 ῖίκν.
859 3652 1015 3708 vol.·4.
1042 3653 1131 3699 Tit.
1154 3649 1345 3698 Ordines
1366 3679 1378 3692 .
1417 3647 1460 3702 §.
1490 3644 1561 3689 11·
1582 3659 1629 3690 n.
1649 3643 1723 3687 62.
1753 3637 1949 3687 Videant
1966 3649 2060 3698 igi·

298 3724 589 3771 Toni-XXIII.
1284 3707 1321 3756 F
1355 3720 1383 3755 2
1912 3708 1993 3745 tur
