2571 3961
85 254 395 303 habita-torum
412 285 427 304 ‚
458 261 511 298 ut
530 248 580 298 in
599 264 653 296 eo
674 245 924 295 latifundi‘o
944 282 957 302 ‚
980 257 1058 295 aut
1076 246 1167 294 duo
1185 243 1515 294 constituantur
1529 242 1786 294 oeconomi,
1820 252 1896 288 aut
1927 192 2029 290 eri}

78 328 217 384 'gatar
249 330 368 364 nova
391 313 605 363 Parecbia
627 348 640 366 ,
675 312 715 357 ὅ(
740 312 950 359 Parocho
964 310 1230 369 adiungatur
1249 321 1544 358 oeconomus;
1575 321 1628 353 ex
1648 306 1732 351 hac
1772 306 2027 351 necestitate

87 380 246 441 arguit
262 379 379 425 male
401 377 551 424 Patres
569 374 951 436 Congregationis
967 373 1308 420 Caelestinorum
1331 368 1421 417 sese
1433 384 1676 431 ‘opponere
1690 368 1903 413 erectioni
1942 383 2026 413 no-

7 450 10 454 ’
88 460 158 492 vae
178 441 407 489 Parochiae
426 477 438 493 ‚
475 439 580 502 quia
601 473 612 491 ‚
642 435 673 480 fi
693 436 782 482 duo
799 431 1126 483 constituanttsr
1157 432 1386 491 oeconomi
1410 469 1421 484 ,
1454 431 1718 493 stipendium
1736 465 1749 483 ,
1783 432 1898 491 quod
1937 429 2028 476 iltis

89 504 378 578 praestandum
399 501 462 550 est
479 535 493 554 ‚
522 500 717 548 absumat
732 514 887 545 ornnes
907 496 1104 545 redditus
1123 534 1134 549 ‚
1166 514 1275 558 quos
1297 496 1447 542 Patres
1476 495 1726 553 percipiunt
1748 509 1800 539 ex
1836 491 2030 538 latifun-

87 568 250 617 diozEt
269 582 324 612 cx
342 566 522 613 diverso
539 565 674 621 longe
693 562 839 616 major
857 560 906 607 sit
924 562 1083 607 fructus
1100 562 1386 608 Animarum,
1405 556 1484 617 qui
1506 557 1661 617 colligi
1680 555 1820 615 potest
1837 554 2032 600 erectio-

90 647 154 681 ne
168 645 301 678 novae
320 628 548 677 Parochiae
565 643 578 670 ε
599 623 852 685 Principem
868 624 1034 670 Striani
1054 621 1218 670 auxiss’e
1238 635 1432 666 annuam
1455 619 1797 678 praestationem,
1816 615 1905 664 five
1921 631 2033 664 con-

94 700 254 758 gruam
273 727 286 742 ,
317 704 368 739 ut
397 704 542 737 novus
572 687 800 734 Parochus
833 701 1120 733 oeconomum
1155 683 1351 731 retinere
1388 683 1544 739 possit:
1586 683 1810 727 redditum
1833 681 2033 742 itaque-,-

95 770 295 804 annuum
318 750 403 800 esse
420 754 678 799 ducatorum
706 761 806 794 120.
822 784 835 801 ‚
873 765 970 810 quae
1000 749 1229 811 quantitas
1248 744 1351 791 satis
1372 744 1432 790 est
1470 759 1550 805 pro
1580 759 1703 789 novo
1723 743 1923 790 Parocho
1941 780 1953 796 ,
1988 744 2031 788 δι

99 833 371 867 oeconomo.
402 812 549 862 Causa
581 825 703 858 nunc
726 812 996 874 proponitur
1013 847 1025 863 ‚
1054 813 1095 857 8<
1119 810 1239 858 idem
1265 807 1473 855 Dubium
1493 805 1772 868 disputatur.
1811 808 1854 852 A
1885 805 2032 851 Patri-

97 882 187 931 bus
201 874 582 942 Gongregationis
598 872 948 922 C‘aelestinorum
967 874 1081 922 nihil
1101 873 1339 921 habuimus
1356 905 1370 918 .
1403 870 1610 918 Dubium
1629 867 1687 914 est
1709 905 1720 915 .

36 946 120 996 {An
142 944 203 1003 fit
228 943 352 991 locus
371 938 757 999 dismembratt‘oni
778 973 792 991 ‚
822 940 903 997 βω
936 941 1156 987 ενεὲῗὶοηί
1185 952 1309 985 novae
1333 935 1566 983 Parochiae
1585 937 1631 981 in
1649 931 1749 993 casu
1772 936 1872 982 &a

165 1067 330 1117 Dilata
361 1060 415 1109 ad
452 1053 644 1125 primam
671 1063 764 1125 post
792 1064 1026 1112 Cineres.

181 1189 500 1238 UARDIEN.
534 1188 1122 1240 CAPPELLANORUM
1140 1221 1155 1237 .
1189 1187 1389 1252 Imperio
1422 1187 1512 1235 En.
1537 1186 1617 1234 ΡΡ,
1641 1185 1735 1236 haec
1753 1185 1900 1233 Causa
1928 1199 2039 1248 pro·
2116 1202 2235 1255 sess,
2259 1207 2386 1243 md,
2405 1198 2450 1241 g,

194 1254 409 1313 ponitur,
439 1270 536 1315 quae
554 1252 662 1299 data
696 1253 782 1299 fuit
820 1253 865 1299 in
886 1257 1009 1301 Folio
1035 1254 1398 1314 congregationis
1441 1252 1602 1298 habitae
1636 1253 1706 1298 die
1727 1264 1799 1308 23.
1833 1246 2042 1296 transacti
2089 1261 2141 1311 de
2158 1261 2254 1322 Res,

99 1314 253 1384 mensis
277 1315 567 1364 wovembris
586 1349 597 1367 ‚
633 1317 673 1361 &
696 1315 1100 1363 Commendatario
1122 1317 1343 1363 dilacione
1361 1313 1615 1373 postulante
1636 1348 1649 1365 ,
1682 1310 1932 1370 responsum
1965 1324 2043 1357 ac-

99 1387 222 1486 gepist
239 1394 252 1421 ε
289 1379 455 1426 Dilata.
473 1382 531 1427 ad
539 1381 740 1441 primam
750 1380 846 1443 posi
866 1390 1007 1444 Reges
1028 1410 1046 1425 .
1082 1379 1127 1424 N
1134 1393 1219 1425 unc
1239 1377 1380 1440 igitur
1394 1377 1484 1425 duo
1500 1377 1593 1434 ejus
1613 1374 1784 1437 Capita
1807 1374 2047 1437 expedien-

134 1455 158 1486 a
210 1451 292 1486 unt
331 1471 359 1488 .›

39 1503 80 1552 1.
113 1510 193 1552 «An
217 1507 564 1553 commendator
572 1516 661 1568 pro
683 1517 885 1568 tempore
906 1506 1167 1553 Commendat
1185 1537 1200 1556 ,
1223 1504 1304 1561 seu
1324 1505 1526 1551 Granct‘ae
1546 1510 1586 1550 S.
1609 1502 1785 1566 Angeli
1817 1507 1863 1550 in
1889 1501 2042 1547 ‘Pala-

293 1569 358 1613 tio
384 1574 526 1616 Terrae
548 1575 823 1630 Aquaevivce
844 1572 1086 1615 Guardien.
1108 1566 1310 1625 Dioecefis
1327 1576 1538 1613 teneatur
1569 1582 1629 1613 ex
1652 1564 1908 1613 redditibus
1930 1570 2049 1609 Com-

295 1634 456 1677 mendae
488 1642 780 1679 manutenere
802 1633 889 1690 sex
918 1633 1208 1694 Cappellanos
1231 1659 1247 1679 2
1278 1630 1360 1692 qut‘
1379 1627 1634 1685 inserviant
1655 1629 1790 1674 choro
1810 1660 1824 1679 ‚
1853 1623 2046 1673 Divinis

293 1692 547 1751 Officiin&
572 1694 779 1740 Parocho
802 1693 996 1749 Ecclefiae
1023 1692 1315 1740 parrochialis
1332 1699 1376 1739 S.
1399 1689 1686 1744 MariaeElier
1714 1696 1858 1738 Terrae
1878 1696 2047 1750 Aquae·

295 1759 420 1803 vivae
444 1759 492 1803 in
510 1755 611 1812 casu
629 1761 728 1804 &a
743 1757 787 1802 3<
805 1768 1025 1818 quatenus
1045 1753 1316 1802 affirmative
1330 1784 1346 1800 .

30 1792 110 1866 >”·ῙῙ.
140 1825 224 1867 An
257 1851 275 1870 ,
303 1823 385 1940 Εἴ
415 1834 505 1931 ἕο
534 1832 626 1879 qua
664 1825 841 1878 [zamma
871 1831 1083 1868 teneatur
1121 1818 1383 1881 respondere
1428 1815 1590 1875 eisdem
1647 1813 1933 1877 cappellanis
1971 1814 2048 1859 in,

294 1896 345 1927 Ca
368 1897 394 1926 u
490 1899 527 1928 C·

165 2006 250 2079 ,Ad
274 2004 308 2056 1.
329 2007 543 2056 Servetur
564 2008 809 2060 conventio
837 2009 944 2059 anni
977 2021 1112 2072 1752.
1132 2011 1181 2058 in
1213 1993 1446 2054 omnibus.
1488 2002 1562 2051 Ad
1596 2000 1656 2051 11.
1683 2000 1920 2051 Provisum
1962 1998 2054 2050 in.»

107 2085 255 2134 primo
285 2105 300 2121 .

130 2261 134 2267 Ι
177 2196 479 2246 ΙνιτΑτις
512 2199 829 2248 cAsTELLt
862 2197 1299 2250 PARocfflAms
1322 2230 1332 2242 .
1381 2194 1557 2242 vacata
1594 2193 1640 2240 in
1668 2192 1829 2242 Mense
1852 2188 2055 2249 Apono·
2105 2174 2218 2232 Sess·
2244 2164 2468 2234 24.c.18.

137 2323 147 2331 ·
192 2261 293 2311 l'icae
310 2263 410 2309 Sedi
428 2263 652 2313 reservato
672 2264 928 2311 parochiali
960 2260 1148 2312 Ecclesia
1166 2264 1209 2307 S.
1230 2258 1386 2308 Mariae
1407 2259 1479 2304 del
1502 2262 1700 2320 Vingone
1729 2293 1741 2310 ,
1772 2270 1870 2316 quae
1897 2251 2056 2302 Abba·
2102 2238 2154 2286 ‘1⁶’
2178 2235 2272 2298 Rsfi

45 2332 60 2341 ‘'
84 2333 189 2373 ‚11ae
207 2325 348 2374 titulo
363 2326 604 2374 decoratur
621 2362 632 2378 ,
667 2327 911 2390 Episcopus
933 2324 1200 2375 concursum
1228 2321 1389 2369 indixit
1416 2334 1494 2377 pro
1526 2319 1597 2364 dic
1614 2337 1662 2377 9.
1686 2317 1864 2381 Aprilis
1887 2316 2057 2362 transa-

108 2389 171 2433 cti
204 2391 310 2436 anni
349 2402 477 2448 1754.
500 2390 593 2437 Ubi
634 2389 728 2437 dies
761 2390 917 2444 venit,
951 2406 1116 2436 novem
1138 2385 1358 2435 affuerunt
1391 2395 1713 2429 concurrentes
1739 2418 1752 2436 ,
1785 2394 1896 2441 quos
1927 2378 2055 2426 »inter

89 2455 332 2501 ·-06tavius
353 2450 632 2499 Gianninius
654 2453 881 2500 parochus
903 2451 1043 2500 Villae
1064 2451 1104 2497 S.
1131 2449 1296 2497 Ansani
1317 2447 1370 2491 de
1389 2445 1561 2490 Plofina
1583 2479 1595 2495 ‚
1628 2446 1670 2491 δι
1690 2445 1895 2490 Andreas
1911 2438 2058 2488 Ram·

88 2516 306 2580 ¹paccius
327 2544 342 2559 .
374 2513 586 2562 Conclufi
601 2530 758 2562 omnes
780 2514 826 2561 in
844 2531 939 2562 uno
960 2514 1167 2563 conclavi
1189 2545 1201 2562 ‚
1232 2511 1357 2556 nullo
1374 2507 1426 2554 iis
1448 2507 1669 2566 praefinito
1685 2519 1894 2565 tempore
1911 2538 1924 2555 ,
1952 2519 2061 2563 ope·-

81 2590 212 2630 Ἰι”ειιιι
233 2576 457 2623 dederunt
489 2576 726 2636 propositis
749 2577 1068 2640 quaestionibus
1108 2573 1387 2623 enodandis:
1428 2573 1488 2616 At
1517 2568 1865 2619 cancellarius,
1898 2566 2061 2617 fame„

84 2702 88 2707 ,
112 2652 314 2704 urgente
333 2672 346 2691 ,
375 2653 512 2687 morae
530 2641 680 2687 omnis
703 2640 945 2703 impatiens
966 2642 1158 2702 egressus
1177 2637 1238 2684 est
1256 2672 1267 2689 ‚
1299 2647 1348 2683 ut
1366 2634 1513 2679 cibum
1546 2647 1729 2692 caperet
1753 2668 1764 2683 ‚
1801 2630 1940 2686 paulo
1976 2644 2057 2687 po-

112 2705 202 2756 stea
223 2700 431 2752 reversus
449 2737 461 2749 .
498 2702 674 2749 Decem
698 2703 785 2758 jam
804 2704 1033 2750 transactis
1054 2702 1181 2749 horis
1201 2734 1214 2752 ,
1244 2695 1460 2759 ingressus
1483 2693 1542 2741 est
1561 2696 1778 2742 Vicarins
1799 2690 2062 2751 Generalis,

105 2777 171 2816 'ut'
185 2764 500 2826 interpellaret
517 2776 836 2812 concurrentes
855 2800 869 2818 ‚
902 2777 1078 2825 tempus
1093 2766 1178 2821 iam
1200 2759 1286 2806 esse
1309 2796 1321 2813 ,
1352 2772 1403 2805 ut
1425 2758 1517 2804 sese
1552 2759 1846 2818 expedirent:
1879 2755 2062 2803 etiarn-2

112 2829 312 2878 famulus
328 2827 509 2892 quidam
531 2826 741 2888 Episcopi
762 2825 938 2874 transiit
961 2844 1040 2888 per
1054 2826 1271 2873 conclave
1293 2859 1305 2874 ,
1339 2833 1390 2869 ut
1413 2834 1593 2868 curaret
1613 2821 1781 2882 aliquid
1802 2821 1847 2865 in
1875 2816 2063 2864 interio-

116 2892 161 2940 ri
191 2889 411 2939 cubiculo
430 2925 441 2935 .
476 2890 550 2937 Re
571 2892 750 2936 tandem
795 2905 820 2935 a
855 2891 1233 2938 concurrentibus
1266 2886 1447 2944 expleta
1468 2918 1480 2935 ,
1522 2883 1864 2931 Examinatores
1881 2880 2063 2928 nullum

91 2955 256 3026 „plene
273 2954 583 3016 approbarunt
604 2971 616 2998 =
647 2952 926 3000 Gianninius
941 2957 1176 3000 dumtaxat
1195 2985 1208 3002 ,
1241 2950 1283 2996 &
1303 2946 1611 3009 Rampaccius
1631 2946 1864 3008 approbati
1885 2942 2066 2990 fuerunt

88 3049 92 3052 -
118 3032 172 3067 ’.ιι-ι
192 3015 418 3063 scientiaa
444 3016 616 3063 duobus
636 3016 1026 3063 Examinatoribus
1047 3054 1060 3070 ‚
1093 3016 1134 3061 &
1155 3031 1178 3060 a
1201 3011 1343 3059 tertio
1374 3008 1634 3068 reprobati:
1673 3022 1865 3068 uterque
1892 3006 2065 3066 optime

121 3075 329 3127 Concilii
345 3077 497 3138 Caput
514 3081 655 3126 vertit
671 3113 685 3131 ‚
719 3090 905 3141 uterque
925 3080 1201 3141 approbatus
1229 3076 1312 3121 fuit
1330 3073 1373 3119 in
1395 3073 1596 3119 moribus
1634 3073 1689 3116 ab
1723 3069 2067 3118 Examinatori-

118 3142 209 3191 bus
231 3175 246 3194 ,
277 3139 347 3186 sed
368 3141 415 3186 in
433 3139 686 3202 Evangelio
708 3141 982 3202 explicando
999 3179 1012 3196 ,
1045 3143 1085 3188 δι
1106 3140 1152 3187 in
1173 3135 1418 3202 prudentia
1441 3135 1556 3181 vicit
1587 3134 1703 3195 apud
1722 3132 2070 3180 Examinatores

96 3201 463 3263 =Rampaccius,
502 3204 649 3251 victus
686 3203 1065 3252 fuitGianninius
1086 3236 1099 3249 .
1139 3201 1377 3263 Episcopus
1412 3198 1584 3259 igitur,
1618 3197 1739 3242 datis
1771 3196 1917 3241 literis
1941 3191 2072 3239 testi-'-

120 3265 424 3315 monialibus‚
457 3265 599 3327 magis
626 3266 813 3329 dignum
836 3267 1053 3323 iudicavit
1073 3264 1397 3325 Rampaccium
1419 3297 1429 3307 .
1465 3260 1542 3322 qui
1576 3277 1598 3305 a
1615 3261 1656 3305 S.
1687 3259 1796 3305 Sede
1835 3255 2076 3303 Parochia-

102 3355 104 3357 >
124 3328 215 3375 lem
231 3327 470 3375 Ecclesiam
489 3327 688 3377 obtinuit
708 3364 721 3381 ,
774 3345 874 3376 uam
894 3345 1011 3377 nunc
1034 3328 1210 3376 detinet
1231 3365 1239 3372 .
1277 3322 1542 3384 Appellavit
1565 3319 1873 3370 Gianninius,
1906 3319 1951 3364 &
1987 3319 2075 3363 ob·

126 3389 234 3436 latis
250 3391 460 3451 precibus
477 3392 611 3438 Sacro
630 3346 1007 3440 huicqrribunali
1027 3427 1040 3445 ,
1078 3390 1290 3452 Ac‘tisque
1309 3386 1560 3434 translatis,
1579 3385 1764 3431 auditus
1782 3381 1871 3427 fuit
1890 3379 2072 3437 Episco-

122 3468 240 3514 pus,
268 3454 344 3512 qui
379 3454 553 3501 causam
592 3454 828 3501 relationis
848 3453 1224 3502 Examinatorum
1244 3487 1257 3502 ,
1289 3452 1329 3496 &
1352 3449 1511 3505 judicii
1547 3447 1611 3493 sui
1645 3443 1848 3491 defendit
1866 3475 1881 3491 .
1909 3442 2076 3490 Tria...

122 3520 246 3561 n'unc
266 3514 424 3562 Dubia
444 3529 784 3575 proponuntur,
822 3532 1018 3577 urgente
1053 3515 1309 3563 Gianninio
1346 3510 1606 3557 nullitatem
1626 3507 1886 3554 Concursus
1916 3541 1930 3559 ,
1968 3505 2076 3564 quia

118 3590 279 3624 contra
297 3576 488 3625 formam
506 3581 562 3624 ab
579 3579 668 3626 hoc
694 3581 825 3628 Sacro
844 3578 1099 3627 Tribunali
1125 3577 1429 3635 praescriptam
1451 3606 1464 3625 ,
1498 3573 1542 3618 8(
1567 3569 1881 3618 confirmatam
1900 3568 1948 3614 in
1970 3567 2078 3628 ΕΡὶ·

119 3639 232 3686 stola
252 3638 498 3701 Enciclyca
515 3642 777 3689 Sanstiffimi
802 3643 995 3690 Domini
1017 3641 1172 3687 Nostri
1192 3634 1515 3686 Cancellarius
1532 3633 1748 3681 cubiculo
1766 3629 1959 3694 egreffus
1986 3626 2080 3675 fue-

39 3735 50 3762 3
116 3703 180 3751 tit
195 3736 212 3756 ‚
240 3713 398 3751 contra
416 3718 524 3750 vero
541 3703 791 3768 Episcopus
811 3741 827 3763 ,
862 3703 1072 3754 Vitarius
1093 3699 1341 3751 Generalis
1361 3731 1376 3752 ‚
1396 3699 1438 3745 ὅ(
1460 3697 1653 3752 famulus
1677 3692 1881 3758 Episcopi
1901 3691 2083 3760 ingfeffi

243 3770 520 3815 Tem-XXIV.
1219 3766 1270 3813 A
1337 3775 1366 3809 2
1852 3753 2024 3803 suerint
