2571 3961
716 132 743 181 8

661 146 1154 264 {Jeep-100num04r
1173 235 1187 251 .
1221 199 1480 252 Panimorl.
1513 205 1703 271 deam-⁴
1721 223 1947 269 anam-r.
1967 221 2186 277 num-15.
2219 211 2344 269 Haec
2374 220 2450 270 at?-

652 284 752 330 que
771 266 866 319 alia
890 267 1189 334 Capitulum
1208 304 1222 318 .
1271 268 1500 322 Dubium
1524 275 1588 322 est
1607 311 1622 323 .
2188 326 2192 335 ,
2251 298 2255 302 ·

624 342 710 386 An
723 353 811 405 pro
829 341 1151 389 contrahendo
1171 340 1496 391 Matrimonia
1524 347 1750 410 proprius
1777 343 2019 397 Parochus
2047 347 2233 404 Puellae
2262 355 2317 404 de
2338 353 2444 406 Ca·

671 409 897 459 randinis
940 409 1109 472 fuerit
1128 405 1212 456 ille
1231 408 1420 458 Sanfiae
1447 412 1609 462 Lucia:
1630 448 1644 474 ‚
1665 416 1770 480 five
1796 420 1946 483 potius
1968 418 2210 475 Vicarim
2230 421 2445 477 curatus

683 473 996 530 Cathedralis
1019 476 1228 540 Ecclefiae
1252 477 1490 543 Pisauri?
2230 494 2232 497 ,

715 681 801 736 Ad
820 682 1056 741 Mentem
1082 721 1098 736 ο

292 1119 542 1176 §effluam
577 1108 694 1226 V
715 1108 1050 1189 lrERBffiN.
1091 1111 1610 1172 CAPPELLANIAE
1629 1157 1644 1171 .
1681 1117 1860 1172 Morte
1880 1116 2248 1176 Archidiaconi
2271 1119 2421 1174 Pauli

293 1178 340 1215 de
357 1173 450 1226 Refi
736 1180 990 1234 Simeonis
1007 1182 1180 1234 Sacchi
1199 1188 1401 1238 vacavit
1427 1188 1776 1253 cappellania,
1796 1205 1946 1255 quam
1965 1206 2094 1242 anno
2125 1197 2276 1256 1677.
2300 1188 2420 1244 fun-

539 1275 546 1291 s
632 1248 1131 1317 daveratMargarita
1149 1253 1411 1308 Marinoni
1442 1257 1503 1309 ad
1529 1259 1696 1313 Aram
1722 1258 1862 1312 Bffiae
1883 1257 2107 1326 Virginis
2126 1260 2418 1323 La-uretanae

634 1319 686 1368 in
708 1319 922 1373 Ecclefia
961 1320 1249 1390 Collegiata
1286 1325 1447 1378 Sancti
1468 1327 1589 1380 Sixti
1608 1329 1846 1383 Civitatis
1868 1329 2086 1383 Viterbii
2110 1368 2125 1384 .
2168 1331 2421 1384 Primum

628 1389 1000 1453 Cappellauum
1026 1393 1315 1447 nominavit
1335 1395 1617 1465 Margarita
1636 1399 1899 1452 Thornam
1919 1397 2085 1454 virum
2111 1397 2253 1455 suum
2278 1439 2292 1464 ,
2310 1399 2417 1461 cui,

629 1457 665 1508 fi
691 1457 1024 1524 Cappellanus
1050 1462 1146 1513 effe
1169 1476 1405 1518 renueret
1432 1501 1448 1526 ,
1483 1472 1557 1529 jus
1573 1469 1714 1522 dedit
1733 1469 1892 1523 alium
1915 1469 2214 1524 nominandi
2237 1506 2253 1530 ,
2291 1472 2416 1534 dato

556 1530 559 1543 ’
630 1525 949 1594 Cappellanis
969 1533 1205 1585 omnibus
1238 1551 1396 1588 onere
1425 1552 1697 1603 perpetuo,
1740 1551 1792 1592 ut
1827 1540 2062 1605 quolibet
2101 1537 2410 1599 mense,die

629 1598 828 1652 Sabathi
849 1601 1061 1654 Sacrum
1093 1602 1248 1658 fieret
1284 1604 1345 1656 ad
1372 1610 1611 1662 eamdem
1630 1608 1793 1662 Aram
1817 1646 1832 1661 .
1867 1609 2121 1671 Addidit,
2153 1622 2207 1662 ut
2230 1610 2292 1672 ,fi
2333 1611 2412 1663 vir

627 1669 793 1722 nollet
811 1670 904 1722 effe
923 1672 1252 1738 Cappellauus
1274 1714 1291 1740 ,
1327 1675 1374 1729 &
1409 1677 1568 1732 alium
1607 1680 1891 1732 nominaret
1913 1717 1933 1746 ,
1962 1684 2018 1733 in
2045 1684 2124 1733 tal
2136 1683 2238 1749 caso
2256 1683 2408 1749 lascia

630 1744 686 1791 in
703 1744 908 1793 arbitrio
926 1745 1007 1794 del
1025 1748 1256 1812 medestmo
1273 1748 1319 1796 d’
1336 1751 1599 1815 accrescere
1613 1749 1905 1817 gl‘obblighi
1924 1788 1942 1815 ‚
1959 1771 1984 1802 e
2000 1752 2101 1815 pest
2118 1781 2135 1807 ‚
2152 1753 2290 1802 cheli
2311 1763 2411 1815 pa-

630 1811 739 1862 rer&
763 1846 778 1868 ‚
802 1831 826 1862 e
841 1813 1038 1878 piacerd
1059 1833 1140 1867 con
1161 1820 1537 1883 l‘approvazione
1549 1822 1660 1887 pero*
1679 1824 1759 1872 del
1771 1822 1880 1888 Sig.
1897 1819 2158 1887 Arciprete
2166 1836 2257 1889 pro
2282 1837 2410 1873 tem·-

618 1894 730 1947 pore
751 1885 877 1932 della
899 1887 1135 1950 medefimq
1168 1888 1438 1955 Collegium
1473 1893 1522 1939 di
1541 1892 1647 1941 San
1668 1893 1787 1959 sisto
1810 1930 1825 1954 ‚
1863 1894 2009 1961 quale
2041 1892 2184 1944 abbia
2205 1889 2402 1953 facoltd

626 1956 677 2002 di
701 1955 964 2019 accrescere
988 1958 1031 2005 il
1055 1957 1158 2022 peso
1193 1976 1222 2006 a
1247 1960 1385 2010 detta
1405 1960 1726 2028 Cappellania
1753 1976 1842 2029 per
1876 1966 2005 2013 tutti
2039 1963 2076 2010 li
2102 1959 2403 2027 Cappellani

614 2024 791 2088 futuri
810 2058 824 2074 .
863 2021 1131 2077 Codicillis
1157 2027 1282 2078 vero
1301 2030 1438 2082 auxit
1455 2030 1565 2083 viro
1582 2033 1688 2092 jura
1705 2066 1719 2090 ‚
1756 2035 1802 2082 il
1816 2035 1959 2098 quale
1979 2031 2119 2082 vuole
2138 2069 2155 2095 ,
2181 2033 2262 2080 che
2282 2049 2401 2082 anco

627 2097 737 2158 dopo
759 2094 806 2142 la
810 2094 908 2157 sua
930 2111 1077 2147 morte
1101 2113 1159 2146 ne
1172 2095 1297 2164 poffa
1316 2102 1519 2168 dg'fporre
1552 2114 1640 2169 per
1656 2120 1755 2154 una
1771 2102 1852 2169 sol
1872 2103 2006 2154 volta
2027 2137 2042 2153 .
2075 2097 2168 2151 His
2197 2099 2401 2162 juribus

628 2162 738 2214 usus
757 2162 832 2212 vir
852 2166 1153 2216 testamento
1178 2165 1266 2218 suo
1285 2171 1654 2234 Cappellanum
1678 2171 2002 2230 nominavit,
2042 2168 2087 2221 &
2107 2184 2235 2219 onus
2257 2170 2402 2223 unius

626 2233 763 2283 Sacri
783 2230 829 2281 ei
851 2228 1185 2296 superaddidit
1207 2271 1222 2287 .
1261 2236 1518 2292 Defunfilo
1552 2239 1666 2293 inde
1684 2259 1819 2294 anno
1845 2261 1999 2308 1729.
2021 2242 2119 2292 hoc
2137 2240 2404 2304 Cappella-

625 2320 690 2354 no
713 2338 726 2360 ‚
767 2298 1199 2370 Archipresbyter
1237 2306 1468 2360 Ecclefiae
1511 2310 1560 2361 S.
1578 2310 1701 2363 Sixti
1723 2312 2140 2378 protestationem
2180 2308 2229 2359 iu
2252 2308 2397 2361 Astis

624 2371 795 2424 emifit
817 2407 832 2429 ‚
870 2388 961 2436 qua
995 2373 1272 2426 declaravit
1295 2375 1474 2428 addere
1493 2379 1973 2446 Cappellanisonus
1995 2377 2274 2428 rendentiae
2295 2416 2312 2440 ‚
2350 2376 2399 2430 &

623 2438 816 2496 servitii
850 2443 1043 2496 Chori.
1097 2440 1368 2510 Episcopus
1408 2457 1580 2498 autem
1601 2445 1984 2513 Cappellani'am
2010 2445 2229 2498 contulit
2261 2481 2275 2504 ,
2312 2443 2400 2500 sed

579 2537 581 2552 2
622 2513 944 2579 Hieronyma
966 2516 1267 2567 Mazzatosti
1291 2550 1304 2573 ‚
1323 2515 1382 2568 ad
1407 2530 1557 2580 quam
1572 2511 1948 2583 Juspatronatus
1970 2512 2235 2577 speetaban
2259 2515 2402 2581 Cap-

622 2583 881 2648 pellanum
906 2583 1530 2639 nominavitCauonicum
1563 2586 1862 2640 Simeonem
1882 2587 2060 2639 Sacchi
2082 2621 2096 2644 ,
2132 2589 2218 2651 qui
2242 2588 2392 2651 inde,

618 2651 929 2706 Canonicatu
947 2655 1178 2714 dimisso,
1214 2654 1668 2710 Archidiaconatus
1685 2658 2007 2726 Dignitatem
2026 2655 2281 2708 obtinuit:
2302 2659 2387 2708 bic

616 2721 811 2789 repulso
835 2736 936 2777 tam
956 2722 1161 2792 proviso
1202 2727 1263 2776 ab
1281 2722 1525 2791 Episcopo
1543 2759 1561 2788 ,
1589 2727 1673 2792 qui
1706 2728 1790 2780 liti
1811 2724 1954 2781 cellit
1972 2761 1986 2784 ,
2027 2741 2184 2792 quam
2206 2726 2400 2778 Archi-

620 2797 942 2861 presbytem,
985 2796 1069 2862 qui
1088 2796 1272 2848 destitit
1290 2798 1350 2848 ab
1367 2796 1606 2862 opinione
1625 2795 1736 2859 sua,
1773 2795 2108 2866 Cappellanus
2133 2795 2385 2848 institutus

617 2862 713 2916 suit
737 2867 797 2916 ab
819 2863 925 2931 ipso
948 2865 1195 2932 Episcopo
1216 2902 1231 2918 .
1799 2909 1807 2917 .
2234 2932 2244 2942 .

543 2932 803 2988 Defnnfio
823 2974 839 2998 ,
858 2949 912 2989 ut
931 2938 1147 2990 diximus
1171 2975 1186 3000 ,
1208 2935 1396 2990 eodem
1417 2935 1803 3003 Archidiacouo
1819 2939 1902 2992 die
1931 2957 2008 3006 13.
2031 2932 2269 2989 octobris
2292 2948 2393 3014 an·

616 3022 684 3057 no
712 3030 726 3059 1
742 3007 1320 3072 755·‚Archipresbyter
1338 3007 1570 3062 Ecclefiae
1586 3010 1634 3060 S.
1650 3008 1774 3063 Sixti
1792 3009 2035 3063 eamdem
2063 3004 2395 3082 protestatio·-

615 3091 730 3127 nem
753 3110 767 3132 ‚
790 3089 939 3138 quam
958 3078 1285 3128 Praedeceffor
1305 3074 1576 3142 emiserat,
1604 3082 1906 3132 renovavit.
1943 3075 2037 3126 Sed
2059 3074 2385 3139 Hieronyma

612 3145 916 3197 Mazzatosti
937 3146 1147 3197 Patrona
1159 3182 1184 3213 ,⁵
1222 3163 1328 3212 quae
1352 3147 1534 3199 Nobili
1573 3147 1829 3201 Amerino
1867 3158 2015 3209 nupta
2052 3146 2119 3195 est
2141 3180 2159 3206 ‚
2198 3158 2383 3208 cuique

609 3214 777 3279 plures
794 3209 902 3264 sunt
927 3215 1070 3265 liberi
1093 3215 1254 3267 adhuc
1278 3218 1566 3281 impuberes
1591 3254 1609 3281 ,
1643 3228 1816 3268 tenues
1852 3218 1977 3268 vero
2015 3229 2171 3279 opes,
2205 3226 2384 3277 preces

606 3283 794 3335 obtulit
818 3280 1155 3337 Sacratiffimo
1174 3285 1392 3349 Principi
1411 3287 1576 3336 nostro
1598 3320 1616 3349 ,
1637 3287 1814 3351 quibus
1836 3286 2112 3350 postulabat
2134 3318 2148 3343 ‚
2171 3294 2225 3333 ut
2248 3292 2388 3333 tem-

607 3369 697 3416 pus
721 3354 1019 3405 nominandi
1036 3352 1397 3419 cappellanum
1435 3367 1792 3420 prorogaretur
1815 3354 1878 3407 ad
1900 3352 2208 3408 novennium
2230 3387 2247 3413 ,
2287 3350 2389 3401 do-

607 3436 701 3469 nec
720 3419 906 3473 scilicet
933 3423 1066 3475 filius
1096 3436 1222 3476 ‘natu
1242 3422 1406 3486 major
1434 3458 1448 3483 ‚
1481 3424 1567 3488 qui
1586 3426 1828 3489 septennis
1861 3427 1931 3476 est
1952 3459 1967 3484 ,
2001 3416 2292 3477 adolescat,
2327 3422 2382 3473 &

606 3489 935 3552 Cappellanus
976 3494 1228 3546 nominari
1268 3490 1413 3560 poffit
1441 3529 1455 3552 ,
1494 3490 1774 3560 frustulque
1791 3491 2012 3554 ejusdem
2044 3489 2381 3556 Cappellaniae

600 3557 785 3609 cedant
800 3559 850 3609 in
864 3565 968 3622 ejus
988 3560 1276 3627 subsidium,
1302 3562 1457 3617 etiam
1481 3579 1576 3631 pro
1593 3564 1784 3630 studiis,
1800 3561 2039 3633 suppletis
2058 3561 2273 3683 interinlr
2291 3575 2378 3623 pet·

2205 3647 2232 3683 a
2262 3642 2374 3684 ium
