2571 3961
548 167 765 274 ,¹,4giumi
785 212 867 258 &e
887 245 902 264 ,
936 212 1122 260 siccome
1139 214 1412 265 vuole',che
1433 213 1465 261 il
1501 214 1745 265 medesimo
1774 219 1934 280 Signor
1965 220 2282 277 Gioacchino,
2312 235 2494 271 entrato

547 309 578 328 ‚,
611 275 694 321 che
715 275 809 320 sara
833 276 873 320 al
893 274 1075 334 possesso
1089 275 1137 321 di
1156 277 1278 319 detta
1296 275 1602 338 Cappellania
1623 292 1837 338 perpetua
1858 316 1872 334 ,
1903 297 1930 329 e
1950 284 2114 332 laicale
2137 319 2150 337 ,
2184 288 2381 334 conviva
2415 287 2492 334 col

548 373 579 392 „
611 337 772 399 Signor
787 336 1023 382 Girolamo
1040 336 1117 381 suo
1144 335 1379 383 Genitore
1397 370 1411 388 ‚
1442 353 1467 382 e
1486 339 1530 382 di
1549 339 1611 384 lui
1652 341 1855 394 Sorelle,
1883 343 1931 389 se
1960 346 2110 403 queste
2144 345 2333 395 sai-anno
2366 348 2491 394 nelle

547 434 579 453 ,‚
614 398 965 445 statodizitelle
984 431 996 448 ,
1030 413 1158 443 come
1176 398 1284 443 sono
1303 399 1694 455 presentemente‚
1724 403 1918 450 affinehe
1934 406 2020 452 esso
2048 408 2309 463 Genitore,
2347 427 2372 456 e
2405 411 2490 457 So-

546 493 579 516 ‚2
609 463 723 508 relle
743 459 1024 526 partecipino
1041 458 1110 505 del
1129 462 1362 508 commodo
1376 461 1426 508 di
1445 464 1568 510 detta
1585 465 1758 513 eredita
1777 501 1792 522 ,
1823 467 1990 528 perche
2008 472 2099 517 cosi
2116 471 2311 519 ildover
2331 473 2492 527 vuole,

548 558 579 576 „
608 540 632 569 e
652 527 692 569 la
716 534 1025 570 convenienza
1047 555 1059 567 .

485 586 710 639 Defunfita
732 584 911 645 Angela
931 583 1104 630 haerede
1125 585 1449 634 usufrue‘kuaria
1467 622 1482 640 ,
1505 604 1607 637 cum
1624 606 1749 638 mens
1769 593 1836 653 pii
1854 592 2079 643 testatoris
2097 596 2257 657 exequi
2273 597 2489 652 deberet,

546 649 745 704 Joachim
763 662 921 710 preces
941 648 1112 693 obtulit
1125 650 1401 697 Sanfflffimo
1421 652 1633 701 Domino
1656 654 1826 703 Nostro
1841 690 1856 708 ,
1889 657 2049 719 quibus
2068 658 2309 718 postulavi-t
2329 696 2342 713 ,
2368 674 2419 708 ut
2440 662 2486 710 ei

542 711 702 757 liceret
718 708 1063 770 Cappellaniam
1084 712 1275 760 retinere
1295 713 1339 760 in
1359 713 1471 760 statu
1490 715 1641 764 laicali
1663 750 1678 764 .
1717 719 1844 767 Data
1866 719 2195 782 postulationis
2233 721 2363 778 huju-s
2403 740 2488 771 co-

537 772 747 835 gnitione
764 774 903 820 Sacro
918 772 1021 819 huic
1040 772 1294 821 Tribunali
1314 811 1326 831 ,
1358 777 1535 823 auditus
1556 779 1645 826 fuit
1663 780 1901 843 Episcopus
1917 817 1934 839 ‚
1964 783 2043 844 qui
2063 799 2164 832 cum
2194 784 2486 832 testamenta-

540 850 605 882 na
620 834 915 896 dispositione
931 871 945 888 ,
962 850 1096 897 quam
1124 837 1359 883 retulimus
1375 869 1388 887 ,
1422 837 1575 887 literas
1593 842 1710 889 mifit
1729 845 1908 893 Vicarii
1947 847 2142 894 ,Foranei
2171 846 2302 894 dietae
2322 847 2483 897 Terrae

537 894 742 945 Offaneae
762 933 774 953 ,
807 898 967 958 quibus
986 896 1077 957 ipse
1096 897 1315 946 audivisse
1328 900 1502 946 dicebat
1517 907 1572 950 ab
1589 905 1746 954 eodem
1785 908 1991 956 testatore
2012 911 2106 966 ejus
2140 910 2445 958 mentem-'effe
2464 948 2481 968 ,

541 973 592 1008 ut
609 960 683 1008 sua
702 962 935 1008 haereditas
953 960 998 1006 in
1019 961 1450 1024 consanguineorum
1467 967 1756 1015 commodum
1778 971 1957 1019 cederet
1974 1008 1987 1027 ,
2015 986 2068 1019 ut
2097 973 2262 1020 coniici
2296 989 2473 1037 quoque

537 1035 725 1085 poterat
738 1040 792 1071 ex
822 1024 1113 1073 testamentoz
1150 1025 1352 1078 joachim
1367 1042 1476 1073 vero
1493 1027 1635 1076 Sacris
1657 1031 1904 1081 Ordinibus
1921 1050 2013 1082 non
2036 1034 2255 1098 insigniri,
2271 1038 2485 1099 nunquia

539 1087 686 1133 nollet
703 1119 716 1137 ‚
747 1087 817 1133 sed
833 1086 938 1146 quia
957 1104 1045 1135 non
1068 1085 1208 1154 posset
1229 1088 1402 1137 defestu
1424 1089 1661 1141 literarum
1683 1127 1698 1147 ,
1734 1111 1843 1150 quas
1879 1097 1926 1142 in
1955 1108 2086 1145 aetate
2117 1101 2276 1156 maiori
2309 1099 2479 1149 discere

541 1149 722 1195 difficile
740 1146 889 1197 fuisset
904 1185 917 1202 ,
936 1165 1036 1199 cum
1050 1169 1160 1214 puer
1175 1170 1249 1201 eas
1266 1151 1518 1227 neglixiffet
1540 1197 1545 1202 .
1569 1156 1634 1206 Ex
1653 1158 1720 1205 his
1741 1158 2085 1207 Esninentiffimi
2103 1162 2258 1209 Patres
2291 1163 2365 1208 die
2401 1179 2478 1219 ις.

540 1211 725 1272 Aprilis
744 1227 863 1258 anno
881 1226 1008 1273 1752.
1033 1218 1358 1277 responderunt
1376 1255 1389 1274 ‚
1423 1231 1473 1266 ut
1493 1217 1698 1272 Joachim
1713 1220 2066 1287 Gappellaniam
2103 1223 2148 1269 in
2170 1225 2281 1282 statu
2313 1225 2471 1273 laicali

544 1287 747 1321 retinere
765 1291 821 1336 po
859 1288 903 1323 et
923 1311 936 1329 ‚
969 1277 1165 1342 impletis
1198 1296 1276 1340 per
1309 1283 1447 1330 alium
1482 1285 1769 1333 Sacerdotem
1803 1286 1999 1343 ejusdem
2035 1286 2247 1333 oneribus
2267 1320 2276 1333 .
2314 1288 2481 1337 Novas

539 1351 660 1384 nunc
677 1338 798 1387 idem
839 1340 1019 1389 oachim
1039 1360 1186 1406 preces
1203 1343 1395 1392 obtulit:
1415 1345 1541 1396 Cum
1556 1348 1673 1396 enim
1692 1350 1848 1397 unicus
1864 1346 1954 1408 ipse
1977 1347 2033 1394 sit
2060 1347 2281 1396 masculus
2302 1351 2482 1400 relictus

543 1415 571 1446 a
590 1399 888 1464 Hieronymo
906 1439 919 1456 ‚
948 1405 1072 1461 cujus
1090 1409 1218 1456 lineae
1232 1409 1489 1460 masculina:
1506 1413 1696 1472 primum
1716 1447 1730 1465 ,
1764 1414 1866 1461 inde
1877 1411 2132 1459 foemininae
2145 1409 2302 1458 datum
2337 1411 2432 1459 fuit'
2455 1431 2482 1462 a

542 1460 754 1510 testatore
768 1465 1115 1527 juspatronatus
1132 1472 1443 1533 Cappellaniae
1461 1510 1472 1528 ,
1509 1490 1696 1522 uxorem
1720 1476 1972 1524 liberorum
1991 1474 2344 1537 quaerendorum
2371 1491 2485 1522 cau-

544 1525 593 1572 sa
612 1525 775 1594 ducere
790 1544 973 1588 cuperet
990 1566 1004 1584 ‚
1038 1536 1079 1582 &
1097 1537 1195 1582 ideo
1217 1534 1405 1595 postulat
1421 1572 1435 1591 ,
1464 1549 1514 1586 ut
1532 1539 1575 1584 ei
1596 1538 1735 1586 liceat
1749 1541 1958 1587 eamdem
1985 1537 2336 1606 Cappellaniatn
2374 1537 2488 1601 reti-

540 1602 648 1635 nere
664 1602 802 1638 etiarn
821 1593 868 1638 in
884 1592 997 1644 statu
1014 1599 1244 1659 conjugali
1264 1635 1278 1653 ,
1309 1602 1350 1646 δι
1375 1613 1425 1646 ut
1443 1601 1704 1650 declaretur
1733 1603 2079 1664 Juspatronatus
2109 1613 2209 1648 tam
2244 1601 2447 1648 activum
2468 1636 2485 1656 ,

541 1663 678 1711 quam
695 1654 909 1713 passivum
943 1659 1137 1711 eiusdem
1173 1663 1481 1725 Cappellaniae
1510 1666 1561 1711 ad
1595 1664 1916 1714 descendentes
1946 1665 2048 1712 suos
2078 1665 2339 1725 pertinere.
2371 1663 2484 1712 Duo

540 1713 698 1773 itaque
715 1732 835 1767 nnnc
856 1718 1012 1768 Dubia
1032 1741 1367 1788 proponuntur,
1398 1743 1587 1790 quorum
1605 1729 1756 1790 primo
1771 1730 1922 1790 agitur
1937 1731 1990 1776 de
2015 1728 2275 1777 retentione
2299 1761 2312 1778 ‚
2343 1743 2483 1788 quam

542 1775 742 1838 postulat
761 1818 772 1834 ,
806 1783 850 1827 in
870 1780 982 1832 statu
997 1789 1221 1853 conjugali
1241 1810 1252 1836 ε
1291 1791 1434 1839 altero
1453 1795 1504 1838 de
1517 1792 1889 1851 Jurepatronatus
1904 1804 1996 1838 tam
2012 1790 2163 1838 aGivo
2182 1826 2195 1843 2
2233 1805 2368 1859 quam
2388 1790 2483 1852 Pas-

542 1839 638 1885 sivo
656 1874 670 1886 .
701 1841 854 1910 Urget
877 1846 965 1906 ipse
985 1862 1186 1899 naturam
1208 1853 1546 1916 Cappellaniae,
1575 1872 1676 1917 qua:
1694 1870 1920 1918 tamquam
1945 1854 2118 1901 laicalis
2150 1855 2364 1918 poliideri
2391 1870 2481 1917 po-

543 1902 626 1949 test
644 1915 784 1953 etlam
803 1923 826 1951 a
847 1913 1002 1970 pueris
1018 1951 1028 1965 ,
1064 1916 1105 1961 δι
1124 1914 1323 1968 foeminis
1343 1953 1355 1970 ‚
1387 1919 1576 1980 ideoque
1594 1918 1710 1965 nihil
1727 1917 1912 1980 proponi
1931 1954 1944 1972 ,
1977 1933 2057 1966 cur
2075 1919 2279 1979 possideri
2297 1931 2482 1985 quoque

542 1967 600 2013 ab
617 1982 671 2035 eo
689 1981 782 2017 non
803 1970 928 2031 possit
945 1974 992 2020 in
1009 1975 1121 2026 statu
1132 1981 1358 2042 conjugali
1375 1998 1391 2026 .·
1411 1980 1586 2028 Rursus
1601 1998 1703 2029 cum
1723 1982 1813 2039 ipse
1830 1983 1879 2026 fit
1900 1982 2024 2032 filius
2052 1980 2275 2031 masculus
2305 1980 2501 2032 Hieros

479 2090 482 2091 ⁷
538 2045 669 2090 nyml
691 2065 702 2081 ‚
737 2033 960 2084 &lineam
974 2038 1066 2095 eius
1087 2043 1376 2090 masculinam
1396 2044 1589 2104 incipiat
1607 2081 1619 2097 ‚
1652 2061 1750 2105 quae
1772 2046 1816 2089 in
1835 2043 1957 2093 filios
1994 2043 2090 2091 suos
2109 2044 2329 2092 masculos
2363 2057 2474 2104 pro-

466 2111 467 2114 ’
535 2096 660 2154 gredi
675 2091 819 2142 debet
837 2133 849 2149 ‚
881 2098 1077 2156 spectare
1094 2106 1145 2152 ad
1163 2123 1266 2153 eum
1281 2144 1292 2159 ‚
1333 2107 1512 2168 ejusque
1532 2109 1697 2154 lineam
1716 2110 1947 2156 contendit
1967 2123 2060 2154 non
2093 2108 2235 2155 solum
2253 2107 2473 2173 Patrona-

536 2167 639 2202 mm
662 2157 856 2211 asstivum
880 2162 1227 2226 Cappellaniae,
1262 2171 1316 2215 de
1344 2185 1433 2230 quo
1466 2172 1522 2216 ob
1554 2185 1759 2229 apertam
1790 2171 2139 2228 testamentariae·
2178 2170 2483 2237 &sponsionis

532 2217 686 2278 legem
707 2221 835 2292 nulla
858 2223 944 2271 effe
959 2229 1099 2286 potest
1113 2231 1422 2279 controversia
1445 2266 1458 2285 ,
1495 2231 1569 2278 sed
1590 2234 1724 2280 etiam
1742 2233 1954 2293 paffivum
1974 2270 1986 2286 ‚
2022 2235 2126 2294 quia
2142 2269 2155 2288 ,
2190 2249 2290 2280 cum
2310 2247 2336 2278 a
2378 2232 2478 2290 Je-

530 2280 696 2332 :statore
714 2286 837 2332 nulh
857 2287 1012 2336 datum
1032 2291 1083 2337 sit
1104 2292 1253 2341 locum
1267 2295 1435 2342 habere
1452 2329 1466 2347 ,
1500 2296 1663 2343 debeat
1686 2296 1795 2351 juris
1814 2296 2056 2357 dispositio
2073 2332 2093 2349 2.
2121 2312 2214 2358 qux
2255 2295 2355 2347 vult
2376 2328 2389 2345 ‚
2422 2306 2476 2362 μί

527 2345 720 2413 passivus
737 2347 1006 2401 Patronatus
1021 2356 1217 2407 aCtivum
1236 2357 1446 2419 sequatur
1470 2394 1483 2413 ‚
1515 2360 1562 2409 ὃς
1576 2362 1632 2406 ab
1664 2375 1723 2407 eo
1755 2360 1956 2422 regulam
1975 2396 1990 2416 ‚
2031 2360 2074 2406 &
2109 2374 2315 2414 normam
2348 2371 2476 2409 ³20¹·

529 2419 631 2469 plat
649 2440 666 2466 Α.
698 2411 810 2467 Haec
823 2411 1034 2467 Joachim
1053 2457 1063 2467 .
1102 2419 1260 2471 Dubia
1279 2421 1381 2468 sunt
1401 2457 1412 2468 .
2283 2460 2285 2462 ·

475 2466 512 2515 Ῐ·
526 2476 604 2519 An
625 2476 840 2531 &oachim
861 2477 1116 2536 sebastiam·
1131 2517 1145 2536 ‚
1172 2490 1248 2532 cui
1258 2496 1344 2547 per
1361 2489 1587 2535 decretum
1596 2487 1770 2546 fastum
1787 2491 1859 2538 die
1880 2504 1896 2535 1
1913 2502 1951 2543 ς,
1965 2490 2157 2552 Aprilis
2185 2500 2312 2541 ¹752.
2335 2503 2363 2534 a
2387 2493 2473 2532 Sa-

717 2554 802 2605 ‚cra⁴
818 2545 1166 2605 congregatione
1181 2548 1278 2603 fuit
1297 2549 1483 2610 concessa
1497 2555 1695 2599 retentio
1739 2554 2033 2616 cappellaniae
2061 2552 2247 2600 laicalis
2265 2585 2280 2604 2
2314 2557 2365 2599 de
2381 2564 2472 2611 qua

721 2612 881 2723 ‘agmf
901 2637 915 2657 ,
950 2610 996 2653 in
1003 2606 1127 2661 statu
1145 2609 1307 2659 laicali
1323 2645 1337 2663 ‚
1364 2613 1491 2675 poffit
1512 2613 1644 2663 illam
1663 2615 1862 2662 retinere
1875 2617 2015 2666 etiam
2030 2614 2210 2673 ,inflata
2241 2613 2479 2675 conjugali.

715 2680 762 2717 tn
782 2681 831 2710 ca
856 2685 882 2711 ιι
900 2674 1001 2724 &a

466 2718 526 2767 H·
559 2731 639 2773 An
651 2728 846 2776 dur-ante
865 2733 987 2779 linea
1003 2735 1116 2781 ιίἰὲἶὶ
1133 2736 1386 2792 sebastiani
1399 2744 1648 2791 nominatio
1664 2752 1760 2791 tam
1778 2742 1954 2798 wiva,
1973 2738 2468 2807 quampaffivaspeffsst
2506 2791 2515 2797 ,,

717 2792 775 2835 ad
793 2798 991 2843 eamdem
1011 2795 1182 2865 &neam
1200 2803 1247 2849 in
1265 2801 1364 2859 casu
1385 2808 1482 2863 &a
1938 2809 1941 2811 ’
2109 2815 2112 2821 ’
2310 2810 2314 2814 ”

591 2911 786 2981 Dilata,
818 2919 859 2980 &
879 2920 931 2981 ad
951 2932 1151 2985 mentem
1169 2955 1185 2988 Ξ,

50 3136 101 3183 S.
181 3148 208 3182 2
279 3139 295 3165 ,⁷
462 3100 960 3213 CAESENATEN
999 3117 1458 3177 BENEPLACIT13
1493 3139 1628 3188 prope
1670 3123 1893 3177 Flumen,
1932 3123 2049 3184 quod
2088 3125 2353 3186 Rubico-nem
2389 3125 2465 3180 jav-

52 3138 257 3258 deff-f&
299 3155 417 3190 ⁶⁸²¹·
547 3228 561 3236 .
605 3170 722 3217 {tant
745 3173 1030 3234 Caesenates,
1066 3185 1237 3231 Praedia
1264 3187 1451 3245 ‘poffidet
1487 3188 1674 3236 Vicaria
1707 3185 1883 3234 Curata
1916 3199 2137 3250 perpetua
2171 3186 2466 3254 Cathedtalis

80 3217 103 3247 e
121 3207 180 3266 R?
204 3234 216 3247 ·
527 3230 734 3281 heclefiae
757 3268 771 3282 .
805 3239 864 3286 Ea
887 3240 1096 3291 dividita
1120 3246 1328 3295 Flumine
1352 3250 1470 3303 Via,
1504 3264 1600 3311 quae
1632 3250 1678 3294 in
1710 3248 1812 3311 ipsis
1830 3249 2008 3297 Praediis
2026 3250 2160 3296 strata
2189 3248 2249 3295 est
2277 3284 2287 3294 .
2326 3249 2466 3298 V1am

528 3297 780 3366 corrodere
797 3302 944 3364 coepit
964 3305 1156 3354 Flumen
1174 3311 1452 3372 negligentia
1465 3310 1683 3358 Matthaei
1700 3312 1943 3359 Lucchinii
1963 3312 2137 3359 Vicarii
2165 3311 2333 3371 Ripam
2367 3326 2468 3358 non

522 3371 771 3427 v111111115*211.t18
790 3395 804 3415 ‚
829 3365 1166 3417 canonicatum
1184 3372 1390 3418 obtinuit
1409 3373 1685 3422 Lucchinius
1704 3409 1717 3426 ,
1745 3376 1787 3421 δι
1806 3374 2036 3421 Vicariam
2055 3373 2221 3421 dimisit
2239 3407 2252 3425 ,
2266 3388 2364 3432 quae
2392 3379 2468 3420 da-

526 3428 572 3463 ta
592 3418 681 3488 ful-t
703 3423 880 3486 Angelo
903 3429 1043 3478 Felici
1061 3431 1187 3479 Bono
1210 3451 1219 3478 ε
1255 3435 1454 3482 Curavit
1473 3438 1546 3482 hic
1563 3435 1731 3497 Ripam
1753 3437 1987 3484 celerrime
2017 3437 2198 3484 munire
2218 3473 2231 3489 ‚
2262 3437 2322 3482 ne*
2343 3451 2472 3483 mora

517 3477 725 3549 „deterior
743 3483 869 3553 fieret
890 3493 989 3540 'Viae
1006 3531 1018 3548 ,
1049 3496 1090 3541 &
1112 3496 1383 3543 Praediorum
1397 3498 1599 3545 conditio
1620 3534 1633 3551 ,
1672 3500 1914 3559 emissaque
1945 3499 2268 3561 protestatione
2312 3501 2473 3546 contra

528 3540 830 3593 Luechimum
848 3552 899 3598 de
917 3555 1090 3603 damno
1104 3557 1329 3606 sarciendo
1350 3596 1363 3613 ,
1400 3561 1648 3621 postulavit
1673 3562 1730 3608 ab
1748 3560 1971 3623 Episcopo
2009 3564 2194 3609 veniam
2228 3560 2468 3607 incidendi

528 3604 710 3672 arbores
727 3610 932 3667 quasdam
949 3620 1121 3666 caeduas
1140 3657 1154 3674 ,
1193 3622 1234 3667 &
1252 3622 1362 3670 alias
1389 3620 1718 3680 infmffifms,
1749 3639 1844 3684 quae
1878 3625 1926 3671 in
1962 3624 2062 3684 ipsis
2096 3623 2294 3672 Praediis
2329 3623 2429 3669 sunt
2454 3658 2468 3678 ‚

526 3667 717 3725 qulbus,
748 3672 825 3725 vel
847 3690 997 3726 earum
1016 3683 1169 3741 pretio
1185 3685 1355 3736 muniri
1388 3684 1529 3747 posset
1564 3684 1716 3747 Ripa:
1756 3685 1999 3742 tenuissimi
2031 3686 2245 3749 siquidem
2280 3685 2480 3756 redditus

2332 3763 2421 3795 im-
