2571 3961
574 169 741 262 smnus
763 244 776 263 ‚
809 213 851 259 &
867 210 1064 272 quaedam
1084 209 1202 257 bona
1219 209 1463 277 denegavit
1481 243 1496 263 ,
1519 210 1760 259 *Fabrieain
1786 216 1990 263 Ecciefiae
2014 251 2029 270 ‚
2055 221 2097 264 ὅ(
2134 219 2384 282 Hospitalis
2419 240 2507 275 nott

580 275 803 336 reparavit
819 308 832 326 ‚
863 273 1116 340 Pauperum
1132 305 1145 323 ,
1178 272 1223 320 δι
1247 271 1542 343 infirmorum·
1555 288 1712 322 curam
1731 277 1986 339 posthabuit
2002 313 2016 332 ,
2034 281 2271 330 Vicarium
2286 318 2300 337 ,
2316 284 2393 347 qui
2409 288 2506 335 Ca-

583 337 797 387 tbedralis
815 335 1049 385 servitium
1068 330 1294 391 praestaret
1311 366 1325 384 ‚
1351 347 1440 378 non
1456 338 1647 384 rennuit
1663 369 1675 381 .

517 398 786 456 Capitulum
803 398 943 460 igitur
958 393 1248 442 Cathcdralis
1269 394 1473 442 Ecclesia:
1516 412 1770 448 eumanno
1810 413 1939 463 1747.
1978 402 2024 450 in
2057 406 2124 462 ius
2154 409 2339 456 vocavit
2359 425 2512 461 coram

582 460 772 510 Nuncio
787 458 1057 525 Apostolico
1077 489 1097 523 ³.
1123 456 1305 516 lataque
1320 457 1498 505 tandem
1517 459 1739 508 sententia
1758 497 1771 515 ‚
1809 466 2154 526 pronunciatum
2171 467 2291 514 fuit-
2309 504 2346 523 „
2366 471 2512 520 Com-

582 555 614 577 ‚,
640 527 945 573 mendatorem
963 518 1220 565 obstrictum
1240 515 1326 565 esse
1348 519 1478 575 juxta
1511 521 1701 569 formam
1733 526 1816 574 &c.
1845 526 1890 572 in
1922 529 2146 577 erectione
2163 565 2176 583 ,
2209 531 2509 581 &confirma-

588 620 619 641 ‚‚
653 586 856 635 tionibus
873 579 1172 647 praescriptam
1190 579 1397 641 praestare
1412 582 1636 645 Episcopo
1661 586 1946 637 Posnanienst
1971 590 2199 638 Vicarium
2216 625 2229 644 ‚
2261 595 2338 656 qui
2358 593 2512 644 Eccle-

527 690 534 701 ν
580 682 616 706 ‚,
649 646 714 696 [ιχ
733 645 812 706 ipsi
829 641 1105 689 Cathedrali
1125 644 1178 689 in
1190 643 1384 692 Divinis
1401 648 1673 709 peragendis
1693 651 1918 699 deserviat
1936 688 1949 705 ,
1983 661 2228 717 petet-eque
2244 655 2510 707 solemniter

578 744 612 765 ‚,
644 709 772 767 juxta
788 707 1092 754 inveteratum
1110 704 1238 753 usum
1255 706 1321 755 sui
1342 706 1725 766 installationem,
1757 716 1798 761 &
1831 715 2214 764 introductionem
2243 717 2325 770 sub
2346 732 2510 779 poenit,

579 807 611 830 ‚,
646 781 866 834 quatenus
883 767 1076 817 ulterius
1094 768 1294 831 negligat
1309 805 1322 825 ‚
1343 771 1639 822 restitutionis
1656 779 1855 824 omnium
1875 778 2096 838 fructuum
2113 794 2169 836 ex
2182 779 2345 827 eadem
2361 781 2510 830 Com-

573 865 607 886 „
639 834 797 879 menda
814 831 1202 895 percipiendorum
1215 865 1248 888 ‚,
1276 867 1288 881 .
1323 831 1433 881 Non
1449 836 1700 898 appellavit
1721 841 1776 886 ab
1797 843 1879 889 hac
1895 842 2121 888 sententia
2151 836 2547 906 (ἶοῐῐιῖῐιεεικῖειἐειιι»,,Ἰι

575 895 668 943 rius
682 930 696 948 ,
726 894 802 943 sed.
814 924 829 949 ,
846 910 962 945 ,cum
980 909 1133 955 parere
1151 895 1404 956 negligeret
1424 930 1439 950 ,
1483 902 1741 949 mandatum
1757 904 2091 967 exequutivum
2106 916 2266 952 contra
2301 905 2451 967 ipsums
2467 910 2508 956 &

569 960 853 1007 relaxatum:
894 959 940 1004 &
971 967 1251 1026 exequutum
1287 957 1377 1005 fuit
1396 994 1407 1007 .
1444 959 1584 1010 Tunc
1621 964 1758 1026 igitur
1781 967 2018 1016 Vicarium
2034 967 2299 1029 deputavit,
2330 971 2508 1019 consti-

573 1032 673 1067 tuto
688 1020 832 1068 eidem
850 1034 1003 1067 annuo
1019 1018 1239 1080 stipendio
1258 1021 1536 1071 florenorum
1558 1041 1658 1080 300.
1696 1028 1915 1082 poloniae,
1955 1029 2033 1076 sed
2063 1045 2205 1092 neque
2232 1029 2504 1092 stipendium

572 1083 739 1137 solvit,
772 1099 918 1143 neque
937 1082 1071 1144 petiit
1091 1081 1440 1152 installationem
1459 1122 1472 1142 ,
1503 1105 1645 1152 neque
1661 1091 1794 1139 solita
1812 1092 2038 1156 Capitulo
2053 1093 2356 1141 emolumenta
2384 1111 2504 1159 prae-

571 1145 711 1208 stitit.
745 1144 981 1208 Episcopus
999 1147 1179 1214 interim
1199 1145 1506 1198 Posnaniensis
1525 1153 1570 1199 in
1589 1153 1861 1205 Visitatione
1877 1158 2125 1205 Sacrorum
2148 1153 2378 1204 Liminum
2415 1159 2505 1208 Ec-

576 1207 717 1257 clefiae
738 1243 753 1263 ,
785 1210 826 1255 δι
850 1206 1116 1258 Dioeceseos
1135 1207 1218 1255 suae
1254 1209 1414 1259 statum
1441 1215 1636 1270 retulit,
1667 1232 1799 1281 atque
1818 1257 1831 1275 ,
1866 1220 1950 1267 hac
1980 1219 2210 1266 occasione
2230 1253 2243 1272 ,
2274 1218 2497 1271 labentem

575 1271 827 1332 Hospitalis
846 1271 1112 1322 Fabricam‚
1140 1269 1424 1331 Petunt-rum,
1456 1278 1500 1324 δι
1537 1277 1814 1331 infirmorum
1847 1284 2094 1345 neglectam
2125 1295 2276 1328 curam
2295 1316 2307 1335 ,
2337 1281 2505 1346 signifi·
2548 1296 2551 1300 ’

575 1335 732 1388 cavit,
764 1332 979 1395 additque
994 1333 1446 1386 Commendatariurn
1478 1374 1509 1394 „
1542 1346 1938 1395 contraveniendo
1971 1348 2151 1391 decreto
2178 1343 2498 1406 &Nunciatu-

576 1432 608 1451 ,‚
641 1410 699 1443 rae
718 1413 802 1447 nec
821 1396 998 1445 stallum
1019 1399 1064 1442 in
1087 1396 1283 1445 Ecclesia
1304 1400 1569 1451 Cathedrali
1595 1405 1639 1454 in
1663 1407 1820 1456 Choro
1839 1424 2064 1469 occupare
2082 1445 2094 1462 ‚
2116 1422 2197 1456 nec
2219 1404 2506 1458 constitutum

577 1494 610 1513 „
645 1459 885 1508 Vicarium
901 1458 1109 1509 salariare
1128 1463 1295 1508 tuendo
1315 1463 1356 1511 se
1374 1465 1419 1510 in
1438 1470 1560 1513 omni
1580 1473 1855 1531 exceptione
1867 1473 2041 1529 Juriuin
2058 1507 2092 1524 „
2125 1508 2134 1519 .
2170 1471 2355 1518 Certior
2371 1472 2508 1519 denia

577 1523 715 1570 factus
736 1522 1115 1571 Eminentiffimus
1133 1522 1328 1583 Magnus
1348 1528 1564 1593 Magi-ster
1586 1533 1773 1581 Ordinis
1793 1535 2050 1582 mandatum
2064 1533 2191 1581 vdedit
2208 1569 2221 1588 ,
2251 1533 2395 1594 quod·
2409 1537 2514 1583 Bul·-

577 1588 670 1634 lam
687 1597 852 1633 vocant
870 1621 882 1638 ,
912 1587 1178 1656 cuicumque
1194 1586 1508 1641 Ecclesiasticae
1529 1595 1728 1644 Personae
1751 1598 1796 1644 in
1815 1598 2114 1650 Ecclesiastica
2137 1597 2354 1660 Dignitat
2368 1611 2392 1643 e
2410 1603 2516 1654 eon·

576 1648 742 1697 stitutae
759 1683 774 1702 ,
807 1683 838 1706 2,
870 1662 922 1697 ut
940 1649 1231 1710 personanter
1249 1656 1499 1703 accedendo
1516 1693 1529 1711 ‚
1569 1659 1611 1705 &
1637 1673 1804 1708 vocato
1832 1662 2259 1715 Commendatari0‚
2289 1659 2371 1706 vel
2410 1661 2514 1718 eius

580 1746 612 1768 2,
644 1713 851 1774 legitimo
867 1713 1172 1762 Procuratore
1189 1750 1202 1769 ,
1229 1715 1471 1779 diligenter
1489 1721 1733 1780 inquireret
1751 1759 1764 1777 ,
1797 1723 1826 1771 fi
1842 1723 2269 1780 Commendatarius
2290 1722 2380 1782 ipfe
2399 1721 2514 1769 Pos-

580 1810 616 1831 „
647 1775 866 1822 naniensts
883 1789 1184 1824 memoratum
1205 1779 1437 1841 Hospitale
1455 1784 1645 1832 nostrum
1677 1787 1972 1835 Posnanienl‘e
2005 1788 2049 1835 in
2087 1783 2328 1836 omnibus,
2359 1785 2404 1831 8<
2439 1800 2517 1845 per

582 1874 615 1894 „
647 1839 809 1886 omnia
826 1841 879 1889 ad
901 1840 1115 1890 terminos
1134 1840 1476 1900 fundationum,
1507 1861 1640 1912 prout
1657 1862 1866 1906 tenetur,
1897 1863 2184 1899 manuteneat
2205 1879 2218 1892 .
2248 1857 2371 1895 Hanc
2406 1846 2520 1894 ssui-

583 1936 616 1957 „
652 1901 745 1971 lani
764 1909 862 1953 sac.
892 1904 983 1953 luc
1003 1911 1298 1972 congregatio
1311 1913 1369 1959 ad
1387 1912 1640 1974 Episcopum
1661 1916 2002 1973 Posnctnz‘ensem
2023 1914 2165 1971 misit,
2197 1923 2247 1957 ut
2276 1907 2418 1971 posset
2438 1909 2520 1957 Fi-

585 1999 617 2019 „
650 1965 896 2012 deelarium
916 1965 1127 2028 Eqmtem
1146 2000 1158 2018 ‚
1189 1969 1264 2016 eui
1287 1974 1535 2033 Hospitalis
1557 1974 1819 2024 Procuratio
1852 1978 2076 2025 incumbit
2095 2009 2109 2028 ‚
2138 1973 2329 2035 adigere
2347 1977 2399 2020 ad
2431 1988 2518 2032 ea,

585 2059 618 2081 2,
649 2043 747 2087 (ΝΞ
763 2028 826 2075 sui
849 2027 951 2094 sunt
969 2029 1166 2077 muneris
1186 2066 1199 2084 2
1219 2032 1459 2084 secundum
1479 2037 1755 2087 fundationis
1775 2056 1976 2089 normam
1993 2039 2195 2087 fideliter
2208 2035 2517 2098 adimplenda.

528 2091 574 2142 A
593 2090 865 2138 visitatione
883 2091 1134 2150 Hospitalis
1152 2094 1385 2162 delegatus
1405 2100 1650 2162 Episcopus
1674 2104 1855 2151 initium
1877 2104 1987 2150 fecit
2001 2139 2014 2157 ‚
2055 2136 2084 2155 a,
2122 2103 2163 2148 &
2184 2101 2238 2148 ad
2259 2098 2523 2147 describen-

586 2189 619 2212 μ
653 2154 764 2200 dum
784 2154 939 2201 statum
965 2155 1219 2218 Hospitalis
1236 2195 1249 2213 ‚
1280 2164 1324 2209 8<
1343 2163 1666 2226 investigandas
1681 2167 1964 2214 fundationes
1984 2183 2065 2227 pro
2083 2163 2274 2212 subsidio
2295 2195 2309 2213 ‚
2345 2163 2387 2209 δι
2422 2165 2524 2211 sub-

589 2252 622 2273 a,
654 2216 925 2265 stentatione
941 2217 1190 2279 Pauperum
1204 2226 1404 2285 geminos
1416 2226 1757 2279 Commiss'arios
1774 2231 2011 2291 deputavit
2030 2262 2059 2283 ‚‚
2092 2260 2105 2274 ·
2142 2226 2239 2274 Post
2255 2227 2367 2272 hanc
2387 2229 2523 2288 depu-

598 2281 817 2327 tationem
834 2294 1057 2328 venerunt
1075 2282 1123 2329 in
1140 2284 1208 2341 jus
1234 2304 1388 2336 coram
1404 2289 1621 2352 Episcopo
1653 2295 1927 2342 Procurator
1952 2291 2159 2353 Capituli
2194 2288 2493 2338 Cathedralis
2509 2323 2524 2346 .

593 2343 672 2406 qui
690 2343 851 2406 petiit,
885 2357 933 2390 ut
952 2344 1376 2399 Commendatarius
1395 2354 1647 2415 adigeretur
1679 2357 1730 2404 ad
1755 2357 2072 2404 observandam
2101 2351 2372 2401 sententiam
2393 2353 2523 2401 Nun-

592 2405 777 2454 ciaturae
795 2442 808 2460 ,
839 2421 970 2469 quam
987 2407 1113 2470 supra
1135 2415 1369 2463 retulimus
1386 2453 1398 2471 ,
1434 2416 1698 2466 Procurator
1716 2420 1895 2468 Vicarii
1918 2454 1931 2472 ,
1962 2419 2042 2480 qui
2077 2417 2212 2480 petiit
2250 2415 2526 2465 solutionem

593 2466 803 2530 stipendii
821 2470 955 2517 annui
976 2469 1081 2526 fibi,
1111 2486 1161 2521 ut
1182 2480 1491 2537 narravimus,
1524 2482 1757 2531 constituti
1776 2520 1789 2538 ,
1821 2481 2302 2542 Praepoiitusdemum,
2333 2480 2411 2539 qui
2440 2495 2528 2541 ΡΒ·

596 2533 673 2579 tiit
689 2533 1015 2580 restitutionem
1035 2535 1256 2586 fructuum
1275 2576 1288 2594 ,
1321 2543 1363 2587 ὅ(
1381 2543 1608 2593 bonorum
1629 2580 1639 2596 ,
1676 2562 1851 2595 necnon
1877 2544 2146 2602 solutionem
2174 2555 2331 2589 annuae
2353 2543 2528 2602 praesta·

598 2593 736 2643 tionis
753 2596 1151 2660 sc.3o.constitutae
1184 2617 1264 2663 pro
1289 2604 1440 2653 officio
1458 2607 1603 2657 Beata:
1626 2609 1784 2657 Mariae
1803 2609 2042 2672 Virginis,
2069 2605 2355 2668 Organm‘&
2391 2604 2530 2652 Sacris
2555 2606 2557 2615 ⁴

594 2673 698 2705 cuin
719 2672 852 2709 cantu
871 2691 887 2707 .
915 2660 1144 2711 Decrevit
1164 2665 1405 2728 Episcopus
1426 2705 1439 2723 ,
1466 2683 1518 2718 ut
1533 2672 1950 2720 Commendatarius
1966 2671 2037 2718 his
2054 2670 2332 2732 responderet
2355 2701 2368 2720 ‚
2387 2682 2441 2713 eo
2455 2682 2530 2714 ex-

597 2721 793 2783 cipiente
812 2723 926 2769 hanc
945 2724 1260 2785 cognitionem
1282 2745 1372 2777 non
1393 2734 1621 2793 pertinere
1642 2734 1701 2784 ad
1719 2735 1987 2797 Episcopum
2007 2769 2020 2787 ‚
2048 2733 2125 2795 qui
2145 2731 2410 2779 facultatem
2444 2730 2531 2776 ha·-

598 2787 723 2833 beret
739 2786 1040 2847 cognoscendi
1058 2789 1198 2837 dehis
1216 2793 1454 2843 dumtaxat
1474 2834 1487 2851 ‚
1520 2814 1618 2859 quae
1638 2798 1683 2845 in
1703 2796 2051 2846 fundationibus
2070 2795 2311 2842 constituta
2329 2790 2533 2860 fuerant.

598 2846 916 2911 Exceptionem
961 2853 1117 2907 rejecit
1151 2854 1422 2915 Episcopus,
1449 2864 1565 2920 quod
1593 2863 1698 2909 satis
1727 2861 1896 2908 habere
1924 2869 2102 2920 putaret
2120 2854 2445 2914 Jurisdictionis
2476 2868 2532 2902 ex

602 2915 737 2959 Bulla
756 2911 1102 2960 Eminentisiimi
1119 2914 1280 2979 Magni
1303 2920 1512 2980 Magistri
1536 2960 1548 2976 ‚
1579 2927 1620 2971 &
1639 2941 1693 2970 ex
1720 2921 1915 2984 Epistola
1936 2922 2077 2968 Sacrae
2095 2921 2224 2975 huius
2262 2916 2531 2982 Congrega·

599 2973 737 3023 tionis
755 3006 768 3019 .
803 2975 977 3021 Statum
997 2977 1179 3025 interim
1200 2973 1452 3044 Hospitalis
1470 2986 1797 3047 descripserunt
1825 2982 2127 3032 Commiffarii
2145 2977 2419 3042 eQ-perduffl
2437 3015 2452 3033 ,
2479 2988 2530 3048 ‘ut

600 3073 634 3092 ,‚
666 3050 757 3084 tota
775 3037 983 3085 structura
1004 3055 1104 3087 cum
1124 3047 1237 3090 tecto
1256 3081 1268 3098 ‚
1303 3046 1503 3096 claustris
1525 3086 1536 3102 ,
1576 3049 1750 3097 foribus
1769 3082 1785 3100 ‚
1824 3045 2024 3092 fenestris
2041 3081 2054 3100 ‚
2086 3057 2134 3090 nt
2155 3041 2404 3110 prudenter
2418 3040 2532 3108 sest!-

601 3137 633 3159 „
667 3116 786 3148 mare
803 3104 1031 3161 potuimus
1046 3138 1060 3154 ,
1099 3106 1178 3153 vix
1197 3109 1403 3170 adaequet
1422 3113 1614 3173 pretium
1634 3125 1738 3159 200.
1764 3110 2037 3156 florenorum
2055 3106 2383 3157 polonicalium
2407 3102 2533 3176 {²¹¹5ss

602 3201 634 3220 „
667 3163 831 3229 viginti
875 3164 996 3213 scuta
1027 3167 1232 3215 Romana
1263 3191 1275 3217 ε
1313 3177 1401 3233 fiex
1432 3181 1478 3223 in
1528 3194 1576 3224 eo
1614 3186 1843 3238 pauperes
1879 3184 2010 3219 erant
2050 3205 2064 3228 ,
2097 3171 2262 3236 quibu?
2291 3163 2527 3229 neceffarta

601 3263 637 3283 2,
671 3230 1330 3289 quidemsubi-rpitniffrabanm,
1353 3252 1452 3285 nain
1476 3237 1663 3295 expensa
1680 3250 1765 3299 pro
1781 3232 1989 3284 omnibus
2007 3234 2080 3280 sex
2101 3225 2446 3279 mendicanssbus
2466 3223 2534 3271 ef·

605 3325 636 3345 „
669 3290 767 3337 ficit
785 3290 999 3340 summam
1015 3295 1278 3347 flerenorum
1299 3298 1630 3347 polonicalium
1662 3311 1765 3360 470·
1784 3333 1799 3351 ,
1829 3296 1905 3360 qui
1939 3298 2097 3344 redaffl
2118 3295 2163 3341 in
2178 3292 2298 3338 scuta
2319 3286 2526 3353 Romana

603 3385 635 3407 a,
668 3355 873 3401 efficiunt
891 3356 949 3404 sc·
967 3371 1039 3418 47-
1063 3391 1092 3409 ,,
1127 3376 1140 3401 =
1171 3359 1348 3408 Contra
1368 3377 1478 3409 vero
1497 3360 1787 3408 commenda:
1809 3359 1998 3407 redditus
2015 3392 2029 3412 ,
2065 3371 2111 3404 ut
2128 3372 2153 3405 a
2187 3349 2524 3425 condUGOsstJus

608 3414 737 3468 injus
754 3421 929 3466 vocatis
951 3417 1161 3469 rescitum
1183 3422 1268 3469 suit
1288 3461 1299 3475 ,
1323 3424 1570 3471 ascendunt
1589 3426 1843 3483 adse-1200
1863 3429 2274 3483 vmoneta&Romana?
2295 3413 2419 3482 tfltrja
2442 3430 2540 3460 1711--

598 3485 883 3538 portantiam
904 3485 1133 3533 Villarum
1165 3488 1389 3544 Maniers'o
1414 3518 1427 3538 ‚
1456 3492 1514 3536 ἔφ’
1551 3490 1740 3546 Rctnzin.
1777 3482 1876 3531 Post
1906 3482 1998 3530 haec
2033 3478 2269 3550 Episcopus
2301 3475 2452 3541 J-ussit,
2481 3485 2530 3541 ut

606 3535 1028 3593 Commendatarius
1064 3550 1116 3597 ad
1133 3548 1397 3602 audiendam
1434 3548 1699 3596 sententiam
1732 3547 1983 3597 citaretur,
2012 3542 2085 3590 sed
2102 3541 2211 3612 {1183
2242 3549 2321 3607 qu}
2354 3537 2530 3606 pride-,in

608 3601 998 3659 appellaveratob
1011 3609 1238 3657 excessum
1267 3646 1281 3663 ,
1308 3623 1357 3656 ut
1388 3611 1618 3663 censebat,
1655 3607 1999 3664 iurisdiflionis,
2031 3604 2145 3666 fugit
2184 3602 2399 3658 judieium
2422 3597 2529 3660 Epi·-

608 3660 757 3723 scopi,
790 3666 830 3709 &
848 3666 1044 3718 Romam
1064 3674 1189 3720 venit
1205 3709 1217 3727 ,
1253 3676 1366 3722 itaut
1384 3673 1560 3722 nullam
1581 3673 1816 3735 Episcopus
1833 3667 2103 3716 sententiam
2118 3664 2277 3714 tulerit
2294 3695 2309 3709 .
2361 3721 2462 3771 Post
