2571 3961
635 167 879 271 niuniratie
899 213 1223 269 Matrimonii
1254 212 1580 263 contrahendi
1598 248 1611 263 .
1631 213 1779 266 Obiit
1800 213 2004 267 interim
2028 217 2260 272 Salvator
2285 233 2297 269 ε
2319 217 2433 271 Ana

631 306 703 338 nae
726 285 1077 352 consanguinei
1103 284 1340 335 certiores
1361 281 1541 331 redditi
1562 282 1622 330 de
1646 283 1996 344 protestatione
2023 288 2322 340 mandatum
2347 304 2427 340 re-

623 357 893 422 jecerunt,
933 357 980 406 ὃς
1004 353 1138 404 alind
1159 352 1461 413 postularunt
1483 385 1496 400 .
1532 350 1844 403 Decernitur
1870 351 2114 418 publicari
2154 358 2282 408 bona
2305 373 2427 422 gen-
2484 406 2488 411 ,

629 440 690 477 tis
709 425 965 476 Borelliae:
998 423 1171 473 Petrus
1191 419 1324 471 aliud
1347 418 1485 471 dedit
1511 423 1804 472 mandatum
1829 455 1843 480 ‚
1878 421 2117 487 praemiffa
2141 425 2238 477 alia
2255 434 2426 488 prote-

627 496 833 547 statione
858 489 1100 542 nullitatis
1122 489 1454 542 contrahendi
1478 488 1812 543 Matrimonii
1836 528 1851 542 .
1885 491 2172 545 Contraftae
2214 492 2421 549 fuerunt

627 563 868 616 mandato
907 559 998 611 illo
1041 559 1221 624 nuptiae
1242 592 1256 619 ,
1297 555 1377 609 sed
1419 557 1598 611 Petrus
1644 559 1976 613 Sacratiffimo
2001 561 2220 627 Principi
2254 564 2423 615 nostro

625 647 797 698 preces
818 628 1035 685 obtulit,
1073 644 1170 692 quo
1191 629 1463 692 postulabar
1494 662 1507 684 ‚
1544 639 1596 679 ut
1643 628 1871 692 cognitio
1911 631 1974 681 de
2010 630 2301 691 validitate,
2335 631 2423 685 vel

626 701 859 753 nullitate
878 697 1200 750 Matrimonii
1226 697 1433 749 daretur
1455 695 1871 753 Eminentiffimis
1890 699 2117 753 Patribus
2137 737 2151 760 ,
2186 702 2236 755 Sc
2256 701 2417 766 impe-

627 773 779 821 travit
799 802 810 821 ‚
838 769 970 831 quod
990 768 1263 832 postulabat
1286 803 1299 816 .
1320 766 1600 832 Qerelam
1631 767 1743 818 inde
1763 769 2009 823 nullitatis
2033 765 2304 836 proposuit,
2329 768 2413 823 cui

626 837 823 892 adhaesit
848 837 994 888 Anna
1015 834 1111 899 ipsa
1130 874 1143 888 .
1196 836 1411 887 Auditus
1437 833 1857 902 Archiepiscopus
1877 839 2126 906 respondit
2146 879 2163 904 ,
2198 840 2414 892 triennio

627 903 1085 964 tamentransaeto,
1129 907 1174 955 ὃ(
1199 920 1306 953 rem
1335 904 1489 967 longe
1515 904 1659 957 aliter
1685 919 1852 958 narrat
1887 934 1944 950 -—-
1984 910 2186 961 Annam
2223 926 2416 961 commo·

627 993 808 1028 rante-m
830 976 1138 1039 Pignattarii
1154 977 1202 1022 in
1224 974 1408 1039 Oppido
1434 975 1647 1036 Dioecefis
1674 975 1878 1027 Calven.
1897 1015 1914 1039 ‚
1952 995 2007 1027 ac
2026 980 2183 1031 vitam
2219 982 2416 1031 traben-

621 1062 715 1098 tem
735 1064 838 1097 cum
863 1045 1003 1094 Petri
1020 1044 1376 1107 consanguineis
1397 1081 1410 1102 ‚
1449 1043 1810 1109 coaft'amfuiffe
1821 1052 2026 1111 primum
2050 1053 2191 1098 minis
2214 1082 2228 1107 ,
2256 1066 2414 1100 vexa-

623 1116 835 1166 tionibus
857 1115 1038 1177 affiduis
1057 1147 1068 1166 ‚
1106 1115 1273 1161 deinde
1279 1115 1476 1177 fucatis
1495 1115 1744 1163 blanditiis
1777 1118 1840 1164 ad
1857 1117 2249 1179 subscribendum
2292 1133 2415 1185 pre-

627 1187 758 1236 cibus
780 1184 983 1235 annexis
1013 1200 1024 1234 ε
1058 1183 1366 1250 Qapropter
1386 1186 1566 1252 pluries
1584 1187 1719 1234 edixi
1740 1186 2102 1250 consanguineis
2118 1223 2132 1247 ,
2177 1203 2231 1238 ac
2258 1188 2404 1239 Petri

618 1256 920 1322 procuratori
939 1286 952 1304 ,
987 1268 1041 1302 ut
1065 1270 1164 1302 eam
1186 1254 1495 1303 traducerent
1517 1254 1570 1301 in
1589 1256 1797 1318 aliquem
1832 1257 1974 1323 hujus
1997 1256 2210 1318 Dioecesis
2232 1268 2402 1308 tutum

623 1328 770 1376 locum
807 1327 869 1374 ad
901 1322 1278 1388 investigandum
1316 1357 1329 1377 ‚
1366 1325 1427 1379 (ᾖν
1460 1325 1854 1387 perscrutandum
1884 1359 1898 1382 ‚
1932 1340 2095 1376 utrum
2097 1327 2270 1390 sponte
2298 1359 2312 1382 ,
2348 1344 2408 1376 an

620 1392 772 1444 conti&
787 1395 1014 1458 precibus
1018 1393 1352 1457 subscripserit
1371 1427 1383 1447 ‚
1428 1408 1482 1442 ac
1509 1405 1564 1441 ut
1582 1395 1908 1458 attestationes
1926 1429 1937 1443 ,
1972 1399 2056 1445 vel
2067 1396 2199 1460 testes
2216 1397 2406 1461 profer·

617 1475 727 1515 rent
756 1497 769 1518 ‚
805 1465 979 1527 quibus
993 1460 1164 1529 possent
1183 1464 1473 1529 comprobare
1494 1495 1508 1518 ‚
1554 1478 1656 1527 quae
1674 1463 1855 1516 Petrus
1884 1467 1984 1516 EE.
2006 1466 2113 1518 W.
2148 1467 2363 1532 exposuit
2387 1479 2403 1519 2

618 1531 783 1584 verum
800 1535 890 1581 huc
910 1533 1051 1598 usque
1079 1533 1197 1582 mihi
1223 1533 1353 1581 nullo
1377 1536 1502 1582 modo
1526 1534 1916 1598 obtemperarunt
1937 1574 1952 1589 .
2341 1586 2347 1590 ,

561 1602 648 1667 Ad
669 1616 776 1652 rem
832 1605 965 1667 qnod
990 1602 1208 1664 attinet,
1253 1602 1381 1653 nihil
1396 1604 1517 1655 certi
1537 1610 1797 1658 extorimere
1825 1603 1984 1671 poſj‘e,
2027 1604 2095 1656 ait
2136 1603 2408 1668 Archiepi-

618 1669 793 1732 scopus
812 1702 829 1730 2
862 1668 942 1723 sed
966 1709 979 1732 ,
1017 1674 1115 1740 vrso
1127 1669 1331 1737 processu
1366 1674 1419 1723 in
1436 1674 1554 1721 laico
1562 1674 1670 1736 foro
1708 1675 1952 1740 construiio
1968 1712 1984 1738 ‚
2008 1674 2140 1739 satis
2155 1674 2400 1740 perspicue

614 1744 797 1806 liquere
820 1778 832 1793 ,
873 1740 1067 1791 Petrum
1094 1738 1394 1807 couslupraſjb
1416 1742 1609 1792 Annam
1631 1782 1647 1807 ‚
1692 1747 1753 1801 ὠ·
1780 1757 2108 1810 praegnantem
2148 1742 2399 1809 reddidtffe

594 1813 695 1878 sub
711 1813 987 1876 promiffione
1000 1813 1176 1873 futuri
1197 1815 1494 1862 Matrimonii
1512 1848 1525 1864 .
1550 1815 1673 1865 splox
1690 1816 1956 1866 clanculum
1974 1811 2144 1878 fugam
2166 1814 2402 1878 arripuis-

594 1884 654 1947 se
674 1916 687 1936 ‚
715 1897 862 1950 atque
879 1883 985 1930 hinc
1007 1884 1051 1949 ej
1060 1899 1109 1931 us
1133 1882 1326 1931 Patrem
1331 1879 1481 1946 futffe
1503 1888 1775 1937 carceribus
1797 1888 2117 1949 mancipatum
2135 1893 2234 1932 cum
2255 1885 2402 1933 bono-

608 1969 714 2003 rum
728 1952 1065 2018 proscriptione
1087 1963 1097 1998 2
1143 1953 1395 2016 Posteaque
1418 1951 1618 2003 Petrum
1638 1958 1762 2006 inito
1801 1968 1892 2021 per
1907 1967 2255 2019 procuratorem
2288 1969 2395 2001 cum

608 2020 764 2072 Anna
786 2024 1111 2073 Matrimonia,
1137 2023 1392 2086 Neapolim
1408 2021 1664 2091 perrexiffe
1685 2058 1698 2080 ‚
1718 2042 1774 2074 ac
1776 2028 2039 2091 supplicem
2065 2020 2279 2072 libellum
2303 2023 2397 2072 Re·

601 2094 682 2158 gio
703 2091 988 2155 Constliario
1006 2090 1164 2158 Scaffa
1186 2088 1399 2157 obtuliffe
1421 2125 1432 2146 ‚
1456 2093 1721 2156 fatendose
1734 2096 1838 2162 jam
1860 2092 2139 2158 contraxiffe
2158 2109 2260 2141 cum
2282 2090 2394 2139 Au⁴

606 2176 671 2209 ua
697 2160 1065 2212 Matrimonium
1083 2193 1096 2215 ‚
1129 2162 1421 2225 producendo
1440 2164 1781 2228 attestationem
1822 2163 2030 2214 parochi
2049 2199 2061 2211 .
2101 2179 2155 2210 oc
2194 2161 2398 2226 rogando

606 2229 809 2281 liberari
846 2232 904 2278 ab
935 2234 1058 2276 omni
1096 2232 1191 2278 alia
1221 2230 1423 2292 molestia
1460 2248 1564 2280 cum
1602 2235 1824 2283 mandtto
1845 2236 1968 2298 dese
1984 2234 2306 2298 praesentando
2327 2230 2391 2279 ad

608 2315 785 2348 omnem
802 2300 950 2364 Regii
968 2298 1245 2349 Tribunalis,
1272 2301 1501 2352 Ordinem
1527 2335 1541 2358 ‚
1575 2303 1735 2368 utpost
1767 2306 1950 2368 aliquot
1993 2305 2096 2350 dies
2135 2305 2384 2351 obtinuit:

606 2368 781 2433 quibus
812 2373 885 2417 ita
906 2369 963 2435 se
984 2369 1265 2419 habentibus
1286 2407 1299 2429 ‚
1340 2372 1535 2418 videtur
1563 2371 1769 2437 profesio*
1818 2375 2180 2422 Matrimonium
2220 2367 2383 2419 valide

590 2435 737 2503 fuiffe
770 2438 948 2492 initum
960 2439 1112 2505 juxta
1141 2440 1388 2504 vulgatam
1414 2439 1762 2503 Theologorum,
1784 2441 2235 2506 Canonistarumque
2259 2439 2377 2502 sen·

603 2509 808 2559 tentiam
831 2545 845 2568 ,
889 2525 993 2557 cum
1011 2511 1327 2573 metusfuerit
1342 2508 1464 2574 juste
1481 2509 1683 2576 incuffus
1701 2544 1717 2558 .
1763 2509 1884 2561 Haec
1926 2509 2348 2570 Archiepisconus
2370 2536 2388 2555 0

602 2573 759 2627 Causa
780 2592 911 2629 nunc
928 2580 1226 2641 proponitur
1243 2615 1259 2639 ‚
1296 2576 1339 2627 8(
1365 2579 1572 2642 disputat
1592 2583 1764 2630 Petrus
1787 2580 1990 2630 nullum
2030 2575 2171 2631 fuifle
2191 2577 2391 2627 Matri-

601 2644 838 2698 monium
858 2643 1051 2702 defefi'tu
1072 2641 1334 2698 consensus
1354 2681 1368 2705 ‚
1389 2659 1497 2698 tum
1518 2651 1630 2712 quia
1651 2649 1938 2701 mandatum
1959 2659 2248 2701 revocatum
2271 2641 2382 2696 fue-

601 2715 704 2771 rit,
739 2725 849 2764 tum
872 2716 985 2779 quia
1003 2728 1258 2769 extortum
1287 2716 1355 2773 vi,
1377 2729 1621 2782 metuque
1645 2717 1856 2771 cadente
1881 2720 1929 2768 in
1968 2720 2133 2768 virum
2161 2717 2388 2767 coustan-

598 2780 877 2837 tislimum:
913 2786 1196 2845 Deceptum
1221 2783 1357 2842 fuiffe
1391 2783 1877 2852 Archiepiscopum‚
1922 2802 2039 2840 cum
2070 2789 2138 2839 ait
2174 2786 2380 2835 Petrum

602 2854 861 2919 Neapolim
873 2854 1130 2922 perrexiffe
1148 2891 1162 2917 ,
1197 2872 1313 2906 cum
1334 2871 1608 2919 numquam
1634 2857 1794 2908 Roma
1814 2856 2080 2908 discesserit
2104 2872 2115 2908 :
2146 2852 2225 2903 sed
2268 2866 2381 2903 rna-

596 2922 674 2986 gis
692 2926 976 2986 deceptum,
1000 2939 1115 2976 cum
1138 2927 1202 2976 ait
1225 2925 1609 2994 vitiatamfuiffi
1634 2925 1835 2978 Annam
1859 2945 1885 2979 a
1906 2923 2217 2977 Petro‚uulla
2237 2923 2378 2994 euim

597 2993 658 3044 ab
685 2993 829 3044 Anna
851 2993 1051 3057 querela
1069 2994 1130 3045 de
1153 2997 1316 3058 stupro
1335 2995 1420 3047 fibi
1441 2993 1583 3048 illato
1615 2995 1864 3060 proposita
1901 2992 1994 3047 fuit
2015 3029 2029 3050 ,
2076 2994 2184 3045 imo
2221 2990 2375 3055 iplam

596 3071 767 3122 petere
788 3098 804 3121 ‚
847 3074 900 3113 nt
927 3080 953 3113 a
972 3066 1228 3118 contrado
1252 3063 1595 3120 Matrimonio
1614 3067 1852 3117 liberetur
1872 3100 1885 3113 .
1925 3065 2043 3114 l-laec
2067 3064 2247 3115 Petrus
2269 3093 2286 3111 .
2324 3057 2379 3105 Α

595 3128 843 3195 Defensori·
862 3134 1172 3183 Matrimonii
1197 3133 1323 3184 nihil
1349 3135 1610 3186 habuimus
1631 3169 1646 3182 .
1682 3132 1913 3187 Dubium
1931 3134 1999 3184 est
2017 3165 2034 3185 0

530 3196 611 3246 Aa
634 3200 797 3263 constet
814 3203 868 3250 de
885 3203 1115 3251 nullitate
1136 3205 1444 3255 Matrimonii
1463 3215 1513 3255 ju
1534 3206 1642 3271 casu
1662 3205 1768 3259 &c-

658 3335 833 3390 Dilata
867 3374 882 3400 ,
923 3339 971 3390 ὅ(
1000 3335 1339 3390 exhibeantur
1372 3339 1476 3393 aaa
1495 3338 1660 3393 Curiae
1681 3335 1901 3393 laicalis·
