2571 3961
85 218 117 239 ‚.,
149 181 334 245 gative:
366 181 440 228 Ad
463 179 517 227 ll.
539 176 781 229 Provisum
799 178 847 227 in
866 178 1071 232 Primo„
1103 172 1599 240 RfietraCtatiJudieium
1629 173 1913 236 postularunt
1936 114 2022 223 εἰς·

81 245 204 296 dales
218 246 291 291 SS.
309 243 560 297 Trinitatis
585 244 932 305 Peregrinorum
950 278 964 297 ,
1000 242 1189 305 ideoque
1208 250 1331 287 nunc
1346 240 1681 288 decernendum
1699 239 1786 287 erit
1800 272 1816 288 .
1832 253 1867 300 ο

22 318 99 360 -An
118 307 391 367 fitstandum
410 341 424 360 ,
457 308 536 356 vel
557 310 846 358 recedendum
865 325 891 352 a
913 305 1078 378 Deczjsis
1095 305 1143 354 in
1162 305 1265 363 casu
1290 307 1390 352 &a
1460 369 1461 372 Ἴ

147 435 204 482 ln
228 431 380 481 decisis
399 469 412 489 ,
449 433 493 482 &
511 433 706 496 amplius
725 468 737 482 .

152 559 454 608 [VITATIS
469 556 923 617 CASTELLANAE
942 553 1356 603 ADMISSIONIS
1383 551 1485 602 AD
1508 550 1837 600 LEGATUM
1871 548 2026 598 sTu-
2091 580 2120 620 5
2141 574 2190 637 ff
2218 588 2273 624 22

71 670 76 676 .
170 622 444 671 DioRUM
468 639 481 666 ε
515 623 639 671 Data
657 621 744 668 fuit
763 608 1009 681 pleniffime
1027 618 1121 664 haec
1146 615 1294 663 Causa
1324 615 1372 662 in
1393 616 1525 662 Folio
1540 615 1923 678 Congregationis
1941 613 2027 680 ha·-
2059 640 2109 686 de
2124 596 2215 701 λε]
2279 608 2294 625 “
2319 588 2421 641 ‘'7‘

87 687 197 734 bitae
217 685 294 733 die
315 699 391 739 23·
406 684 649 749 superioris
666 680 823 729 mensis
844 677 1035 740 Augusti
1059 715 1072 734 ,
1107 679 1152 725 δι
1170 678 1311 726 dubio
1325 678 1425 735 ejus
1441 713 1455 732 ,
1485 677 1609 739 quod
1639 690 1735 724 erat
1751 710 1782 729 „
1820 679 1900 726 An
1918 672 2029 723 Filii
2209 673 2222 686 ’

91 783 123 804 a,
157 749 324 797 SanCtae
344 744 543 795 Nardoni
563 746 643 793 sint
661 742 929 792 admit-tendi
951 742 1009 789 ad,
1022 741 1240 804 Legatum
1277 740 1527 790 studiorum
1561 738 1770 786 relietum
1807 755 1832 786 a
1861 739 2027 785 Theo-

92 845 126 864 „
161 811 294 875 philo
307 809 508 871 Gargani
527 808 573 855 in
590 807 691 855 casu
710 807 796 851 διο·
817 839 850 858 ,,
882 803 1231 866 Responderunt
1248 801 1597 852 Eminentiffimi
1616 800 1772 851 Patres
1790 826 1838 836 ——
1858 806 2029 863 ‘Nega-

91 880 193 924 rive
217 892 230 919 :
263 875 463 936 Pugnam
494 885 612 918 nune
630 866 797 918 acriori
820 868 1073 916 certamine
1111 867 1354 919 instaurant
1369 867 1561 917 Fulvius
1592 863 1879 923 Caelestinius
1900 898 1914 918 ,
1946 862 2030 910 Ci-

91 937 212 987 vitas
233 971 250 990 ,
283 933 486 986 &Cives
503 969 517 988 ,
531 945 583 981 ut
601 932 795 981 decerna
808 943 884 978 tur
898 964 912 977 .
1382 937 1385 939 ’

31 1011 109 1050 An
128 1001 189 1059 fit
209 1001 414 1056 standum
439 1031 459 1062 ,Υ
491 998 570 1046 vel
604 998 891 1056 recedendum
909 1009 937 1040 a
960 993 1127 1053 Decisis
1144 997 1194 1043 in
1215 995 1319 1054 casu
1334 998 1438 1045 &c-

154 1125 268 1174 Non
300 1121 528 1188 proposita
562 1155 585 1179 ,ᾗ

31 1249 138 1361 C
161 1250 470 1299 ASSANEN,
509 1249 923 1300 NULLITATIS
953 1249 1399 1305 PROFESSIONIS
1435 1268 1448 1295 ε
1481 1250 1655 1299 Statuit>
1689 1248 1899 1296 Aniellus
1932 1242 2032 1292 Co·
2097 1257 2425 1322 sellas-MS·

119 1364 127 1371 ζ,
173 1315 381 1361 limodius
401 1313 656 1375 Neapolita
671 1315 841 1363 Ordini
862 1315 1094 1362 Minorum
1108 1313 1505 1362 conventualium
1525 1313 1566 1360 S.
1597 1310 1823 1361 francisci
1864 1322 2034 1357 nomen
2067 1327 2121 1376 de
2146 1326 2264 1388 Κείς,

92 1376 195 1424 dare
220 1413 233 1430 ,
268 1379 308 1424 δι
336 1393 357 1423 a
386 1375 596 1424 Patribus
618 1375 893 1425 transmissus
929 1377 1019 1424 fuit-
1053 1377 1098 1423 in
1118 1378 1375 1427 Civitatem
1397 1375 1780 1424 Castrimillarum
1805 1416 1808 1418 .
1844 1372 2034 1419 Habitu

91 1439 466 1488 Ordinisi-nduto
483 1474 496 1493 ,
524 1444 803 1503 acceptoque
824 1443 1006 1487 nomine
1022 1448 1076 1487 P.
1095 1443 1270 1503 Angeli
1290 1445 1449 1489 Mariae
1467 1439 1762 1487 Probationis
1781 1437 2032 1484 Domum..

95 1502 311 1564 ingressus
336 1501 396 1549 est
418 1504 490 1550 die
520 1517 584 1558 19.
609 1503 876 1555 Februarii,
905 1504 1013 1551 hora
1032 1514 1102 1549 12.
1119 1517 1242 1552 anno
1263 1510 1396 1566 1748.
1414 1501 1736 1564 Expresserunt·
1748 1502 1903 1547 Patres
1943 1496 2035 1549 in...

98 1567 215 1613 libro
235 1565 485 1628 Tyronum
504 1565 643 1626 ipsum
662 1564 903 1627 ingress'um
918 1564 1045 1612 fuisse
1076 1582 1152 1613 con
1170 1567 1216 1614 la
1241 1566 1531 1628 Figliolanza
1564 1568 1638 1614 del
1658 1561 1798 1621 nostro
1823 1569 2035 1611 Conven-

94 1643 141 1678 ιο
163 1633 211 1676 di-
239 1631 515 1690 Cor-igliano.
557 1626 678 1675 Cum
715 1631 761 1674 in
789 1627 1062 1675 Probatione
1093 1627 1233 1682 esset,
1277 1644 1433 1691 preces
1468 1626 1925 1683 obtulitiscznbttffimo
1946 1633 2036 1672 Do-

93 1696 213 1740 mino
235 1692 400 1743 'Nostro
416 1723 430 1742 ,
463 1689 626 1754 quibus
646 1692 892 1752 postulavit
913 1690 1282 1752 dispensationem
1303 1694 1558 1754 abintegro
1581 1688 1870 1744 Probationis
1894 1700 2032 1741 anno,

90 1769 286 1815 eamque
301 1753 505 1802 obtinuit
522 1789 536 1807 ,
572 1765 621 1800 ut
640 1753 781 1812 posset
801 1788 816 1807 ,
851 1754 1042 1816 impleto
1059 1757 1216 1803 ociavo
1233 1755 1382 1803 mense
1395 1791 1408 1809 ‚
1446 1752 1756 1806 Profeffionem
1785 1750 2002 1805 emittere
2018 1782 2034 1795 .

89 1817 187 1867 Die
209 1818 349 1880 igitur
375 1832 441 1878 19.
463 1817 676 1865 octobris
696 1818 809 1864 hora
832 1832 900 1872 15.
924 1820 1076 1865 eodem
1096 1833 1215 1864 anno
1239 1825 1371 1878 1748.
1388 1818 1710 1874 Profeflionem
1731 1816 1878 1862 emisit
1895 1832 1908 1858 ε
1931 1809 2032 1859 Ροίῖ

91 1895 192 1929 eam
214 1878 410 1927 emissam
426 1880 582 1942 legens
602 1916 613 1932 ,
649 1893 699 1926 ut
715 1881 803 1942 ipse
821 1892 1000 1932 narrat,
1018 1882 1212 1943 Regulas
1234 1883 1417 1931 Ordinis
1443 1919 1455 1936 ,
1493 1883 1680 1942 agnovit
1704 1877 1905 1935 eiusdem
1930 1875 2034 1922 nul-

94 1944 276 1992 litatem
296 1977 309 1995 ‚
339 1943 529 2012 ideoque
549 1958 665 1996 anno
694 1956 977 2007 17521.coram
1005 1943 1194 1992 Vicario
1210 1945 1430 1994 Generali
1454 1941 1734 1995 Cassanensr,
1752 1943 1794 1988 &
1816 1942 1865 1988 Ρ.
1881 1937 2034 1985 Guar-

93 2008 228 2055 diano
244 2007 473 2061 judicibus
485 2005 719 2069 querelam
742 2008 939 2065 ejusdem
959 2008 1430 2071 nullitatisproposuit
1445 2040 1460 2056 .
1492 2008 1850 2055 Fundamentum
1885 2000 2032 2049 nulli-

95 2073 202 2118 tatis
233 2082 327 2116 erat
350 2070 396 2116 in
420 2072 553 2125 const.
576 2069 746 2117 vrban.
762 2083 908 2134 capa.
928 2074 1088 2133 Regul.
1108 2076 1239 2119 Tim,
1261 2073 1425 2133 qmbus
1444 2083 1634 2118 cavetur
1654 2102 1685 2123 ‚‚
1724 2083 1781 2114 ne
1798 2065 2033 2127 quisquam

95 2169 129 2188 ‚,
163 2134 209 2180 in
242 2131 464 2193 posterum
486 2136 536 2179 ad
558 2132 877 2180 Probationem
899 2168 914 2190 ,
946 2134 1022 2181 vel
1045 2131 1359 2181 Professionem
1388 2132 1683 2185 admittatur,
1718 2128 1798 2193 qui
1818 2126 1940 2189 prius
1975 2126 2034 2172 ab

96 2232 129 2252 ‚,
160 2197 313 2257 aliquo
334 2195 584 2243 Conventu
603 2210 681 2254 pro
696 2195 795 2251 eius
815 2195 911 2243 fido
927 2207 1135 2256 receptus
1150 2211 1240 2243 non
1259 2196 1312 2243 fit
1329 2231 1343 2250 ‚
1375 2197 1490 2244 alias
1510 2194 1726 2242 Admissio
1747 2227 1759 2239 .
1793 2191 1835 2239 δι
1860 2186 2034 2236 Profes-

97 2297 130 2316 ‚,
165 2260 224 2305 fio
243 2259 373 2305 nulla
411 2258 464 2306 sit
486 2296 499 2314 ,
526 2259 568 2304 δι
593 2258 904 2307 Admittentes
926 2258 1020 2322 ipso
1037 2258 1474 2323 faetoprivationem
1508 2260 1737 2313 incurrant
1760 2290 1790 2308 2,
1823 2252 2038 2314 Legem-³

96 2324 245 2375 hanc,
278 2337 375 2382 quae
407 2318 652 2382 express‘am
671 2320 898 2370 nullitat-is
921 2329 1120 2384 poenam
1140 2321 1329 2379 indicit,
1361 2323 1586 2370 servatam
1612 2335 1700 2368 non
1736 2315 1898 2366 fuisse3
1932 2327 2038 2359 nam

7 2431 11 2433 ,
98 2388 174 2434 die
200 2401 263 2442 ¹9·
287 2385 523 2432 Februarii
564 2391 697 2443 1748.
718 2419 730 2436 ,
763 2401 847 2447 qua
883 2385 974 2446 ipse
1005 2383 1211 2432 admistus
1250 2384 1342 2432 fuit
1374 2387 1432 2432 ad
1461 2383 1782 2431 Probationem
1805 2414 1819 2432 ‚
1851 2393 1877 2422 a
1908 2375 2039 2423 nul-10

99 2451 346 2496 Conventa
365 2462 447 2510 pro
464 2450 559 2505 ejus
576 2445 672 2495 filio
690 2461 898 2509 receptus
921 2448 1063 2495 suerat
1091 2482 1104 2500 ,
1143 2446 1344 2509 falsoque
1365 2447 1519 2495 Patres
1555 2450 1601 2492 in
1619 2445 1755 2492 Libro
1774 2437 2040 2504 scripsisse-s

98 2527 186 2559 con
213 2511 255 2556 la
275 2508 571 2568 figliuolanza
586 2510 656 2556 del
677 2510 824 2558 nostro
843 2510 1089 2558 Convento
1117 2511 1159 2556 di
1176 2510 1452 2572 Corigliano
1471 2546 1483 2563 ,
1517 2524 1618 2557 cum
1638 2525 1660 2555 a
1678 2507 1926 2555 Conventu
1943 2501 2043 2546 Co-

101 2572 268 2622 riolani
294 2587 382 2617 non
404 2571 541 2619 suerit
570 2573 617 2617 in
632 2570 781 2620 filium
800 2586 1010 2635 receptus
1031 2608 1044 2625 ,
1086 2573 1167 2619 nisi
1184 2571 1264 2629 die
1284 2587 1354 2624 23.
1372 2572 1569 2629 eiusdem
1589 2571 1746 2619 mensis
1767 2564 2002 2614 Februarii
2027 2596 2041 2616 ,

102 2640 143 2685 ὃ(
170 2636 493 2696 consequenter
514 2647 710 2697 quatuor
744 2637 902 2685 diebus
924 2636 1017 2698 post
1032 2635 1157 2682 stium
1177 2634 1415 2697 ingressum
1442 2636 1489 2683 in
1507 2634 1826 2681 Probationem
1849 2665 1861 2683 ,
1892 2640 2044 2685 αἰῶ-ρ

101 2697 734 2747 tamenaConstitutionibus
768 2699 1056 2760 requiratur,
1090 2710 1142 2744 ut
1174 2699 1506 2752 Admittendus
1537 2702 1673 2762 prius
1712 2693 1957 2757 recipiatur·
1983 2686 2042 2736 ab

104 2765 260 2825 aliquo
284 2770 504 2811 Conventa
533 2775 619 2823 pro
642 2761 737 2822 ejus
761 2764 876 2810 Filio
899 2796 914 2814 ,
945 2763 987 2808 &
1012 2762 1113 2807 inde
1134 2764 1192 2807 ad
1211 2762 1535 2810 ‘probationem
1556 2763 1833 2807 admittatur
1852 2790 1865 2803 .

40 2826 111 2871 Re
137 2825 363 2886 perspecta.
379 2859 391 2877 ,
415 2822 671 2870 indiversas
693 2823 866 2879 Judices
886 2823 1205 2871 discendebant
1219 2820 1497 2872 sententias:
1534 2823 1580 2871 P:
1601 2820 1899 2869 Guardianus
1917 2815 2040 2865 vali-

110 2889 218 2934 dam
249 2888 459 2934 censebat
477 2884 791 2933 Ptofeflionem
806 2906 822 2933 .·
854 2888 1062 2934 Vicarius
1081 2884 1329 2935 Generalis
1351 2901 1454 2936 erat
1471 2895 1516 2936 in
1537 2887 1663 2946 sensu
1684 2884 1916 2933 deferendi
1927 2892 2041 2943 pro-

100 2950 250 3014 pofitae
271 2951 484 2997 nullitate·
508 2951 786 3009 Profeffionis
811 2984 826 2998 .
848 2950 1135 2999 Discordiam
1149 2949 1328 2997 diremit
1360 2964 1476 2997 mors
1496 2949 1706 3013 Episcopi
1726 2940 2004 2995 Cass'anensis
2022 2976 2037 2994 2

106 3029 164 3059 ex
186 3027 272 3074 qua
309 3011 472 3059 fanum
495 3010 587 3066 est,
619 3025 670 3058 ut
701 3011 832 3061 finita
850 3012 1028 3061 Vicarii
1048 3011 1290 3059 Generalis
1308 3012 1618 3068 Jurisdinione
1637 3047 1650 3065 ,
1676 3007 1908 3059 ‘sententia
1930 3005 2037 3053 ferri

107 3091 197 3122 non
217 3078 416 3134 potuerit
437 3106 452 3120 .
485 3075 630 3121 Venit
650 3077 790 3139 igitur
810 3077 902 3123 Pat:
942 3076 1145 3138 Angelus
1164 3074 1310 3122 Maria
1330 3077 1384 3122 ad
1403 3075 1484 3123 hoc
1507 3077 1688 3125 Sacrum
1705 3068 1940 3120 Tribunal
1963 3105 1976 3122 ,
1993 3069 2037 3114 ὅ(

107 3139 368 3194 audito-iam
389 3152 511 3182 novo
535 3136 762 3201 Episcopo
780 3176 793 3194 ‚
821 3139 970 3188 Causa
1005 3153 1122 3193 nunc
1153 3139 1445 3200 proponitur.
1485 3139 1636 3203 Urget
1670 3138 1717 3185 in
1745 3136 1789 3183 se
1824 3134 2038 3181 eamdem

90 3202 368 3247 ⁴nullitate-m
389 3236 403 3253 ,
437 3215 582 3262 neque
615 3200 850 3261 specianda
869 3200 953 3250 esse
974 3238 985 3255 ,
1021 3218 1120 3263 quae
1139 3216 1293 3249 coram
1328 3202 1723 3263 primisJudicibus
1742 3200 1895 3247 Patres
1913 3196 2038 3240 Con-

105 3264 340 3311 ventuales
364 3263 671 3324 proponebant
690 3302 702 3318 ‚
731 3266 927 3312 validam
949 3280 1111 3324 nempe
1140 3263 1406 3312 censendam
1438 3264 1523 3312 esse
1542 3264 1861 3314 Profeffionem
1880 3294 1894 3311 ‚
1928 3256 2036 3319 quia

107 3340 209 3375 ante
229 3343 323 3374 eam
347 3341 425 3388 pro
445 3327 543 3372 filio
565 3341 764 3387 receptus
788 3328 964 3376 fuerant
982 3345 1005 3374 a
1025 3329 1271 3375 Conventu
1289 3326 1560 3382 Coriolani,
1590 3343 1694 3375 cum
1727 3320 2037 3373 Constitutio-

104 3402 182 3434 nes
204 3388 401 3436 Urbanae
423 3393 706 3440 alternative
722 3390 963 3453 disponant
982 3394 1038 3438 ad
1057 3391 1380 3440 Probati0nem
1402 3393 1484 3447 vel
1516 3391 1824 3451 Profeffi'onem
1856 3387 2036 3431 admit-

103 3464 263 3518 tantur
285 3486 297 3503 ,
333 3452 443 3497 unde
465 3451 565 3498 satis
585 3450 636 3500 fit
656 3462 866 3502 unum‘ex
889 3454 1120 3500 alternatis
1143 3450 1367 3501 verificari
1385 3472 1398 3498 ε
1424 3448 1594 3516 ''Negat
1621 3453 1742 3508 enim
1762 3447 2032 3510 particulam

106 3514 234 3582 illam
256 3513 375 3559 VEL
407 3514 514 3561 stare
534 3516 817 3564 alternative
836 3550 850 3568 ,
882 3514 1218 3572 sed‘dicendum
1238 3513 1323 3563 effe
1342 3516 1455 3562 stare
1489 3517 1868 3578 augumentative
1883 3544 1898 3564 ,
1924 3523 2030 3558 cum

75 3577 209 3638 „xinde
230 3589 418 3638 utraque
435 3583 459 3637 ζ
484 3578 703 3625 Admiffio
721 3594 879 3638 nempe
901 3614 914 3631 ‚
928 3611 931 3613 -
946 3579 988 3624 δι
1007 3577 1258 3636 Profeffio)
1286 3579 1550 3642 copulative
1568 3576 1694 3626 nulla
1714 3575 1974 3624 declaretur
1987 3597 2028 3612 --

106 3643 227 3695 Δία]
253 3641 589 3751 Λξνηίῥζοὲἷῖ
622 3643 828 3711 Ῥῖοβςθῖο
845 3642 972 3692 nulia
985 3640 1047 3703 sit
1066 3666 1113 3678 --
1141 3639 1469 3752 itautlnullitas
1485 3639 1775 3691 Admiffionis
1795 3638 1946 3687 secum
1959 3633 2026 3683 fe-

330 3718 406 3751 am.
556 3733 568 3747 .
1916 3708 1986 3748 tat
